3109 4959
493 406 536 461 de
563 404 647 460 fide
676 406 713 459 et
741 402 929 479 operibus
1246 406 1285 471 91

128 622 197 668 non
230 583 470 688 cognouissent‚
494 586 578 667 'cum
610 599 811 683 apertissime
844 598 983 664 dicatur:
1021 598 1169 663 melius
1202 600 1289 663 erat

128 708 226 775 illis
254 728 330 775 non
360 726 609 794 cognoscere
636 708 743 772 uiam
771 706 969 771 iustitiae
1001 724 1117 789 quam
1145 722 1289 788 cogno·

130 816 351 882 scentibus
374 817 599 880 retrorsum
623 814 792 879 reflecti
816 832 834 877 a
856 812 1012 878 tradito
1038 810 1120 877 sibi
1143 813 1286 877 sancto

129 922 348 988 mandato?
525 958 530 965 -

95 1054 110 1093 ι
176 1028 280 1094 XXV.
308 1030 362 1094 46.
390 1027 502 1111 Neque
535 1014 619 1092 enim
651 1025 733 1091 illud
760 1026 822 1093 boc
853 1027 924 1091 loco
955 1022 1207 1108 intellegendum
1240 1024 1289 1088 est

130 1138 282 1201 sanctum
309 1135 508 1213 mandatum,
531 1153 594 1217 qno
621 1136 827 1217 praeceptum
857 1135 916 1210 est,
939 1128 980 1197 ut'
1003 1132 1035 1196 in
1066 1131 1160 1197 deum
1184 1128 1290 1196 creda·

130 1262 207 1306 mus
235 1278 280 1288 -
308 1260 500 1324 quamquam
524 1259 561 1306 eo
576 1228 656 1324 'ipso
679 1242 785 1304 totum
810 1239 998 1317 continetur,
1023 1236 1051 1303 si
1075 1256 1144 1303 earn
1166 1236 1290 1301 intelle·

132 1368 249 1433 gemus
277 1347 374 1412 fidem
402 1347 609 1425 credentium,
633 1365 734 1429 qnae
762 1340 833 1429 por
861 1346 1131 1411 dilectionem
1155 1362 1288 1426 opera-

129 1458 201 1519 tur
222 1490 267 1501 —
290 1454 348 1519 sed
371 1455 478 1537 aperto
501 1453 656 1537 expressit
679 1452 755 1536 quid
779 1452 900 1517 diceret
923 1456 1070 1516 sanctum
1092 1450 1288 1528 mandatum,

87 1589 114 1629 ro
131 1560 167 1625 id
191 1563 251 1639 est,
270 1580 332 1643 quo
355 1563 561 1644 praeceptum
585 1563 644 1640 est,
663 1563 702 1625 ut
725 1560 763 1625 ab
784 1560 879 1625 huius
899 1558 1009 1624 mundi
1029 1556 1288 1641 coinquinationi-

131 1668 196 1732 bus
219 1668 402 1733 recedentes
426 1670 515 1733 casta
538 1668 777 1733 conuersatione
802 1668 963 1732 uiuamus.
993 1666 1038 1731 sie
1063 1664 1229 1730 enimait:
1255 1663 1289 1729 si

132 1774 240 1839 anim
269 1774 529 1859 refugientes
557 1773 924 1858 coinquinationes
953 1772 1089 1838 mundi
1116 1774 1156 1837 in
1181 1771 1288 1856 agni·

132 1881 290 1946 tionem
310 1880 463 1945 domini
482 1881 616 1946 nostri
635 1884 675 1947 et
692 1881 1004 1946 conseruatoris
1021 1870 1114 1945 Iesu
1130 1878 1288 1945 Christi

130 1986 198 2053 his
234 2006 380 2053 rursus
416 1988 574 2072 inplexi
612 1990 868 2071 superantur,
906 1987 1022 2052 facta·
1060 1989 1155 2051 sunt
1195 1984 1287 2050 illis

84 2094 370 2177 repostoriora
406 2094 614 2161 deteriora
650 2093 872 2177 prioribus.
909 2113 970 2159 non
1008 2094 1052 2159 ait
1084 2092 1287 2177 ‘refugientes

128 2202 345 2286 ignorantiam
370 2200 432 2265 dei'
449 2206 506 2266 ant
523 2201 729 2286 ‘refugientes
752 2190 974 2266 infidelitatem
998 2200 1130 2266 soeculi'
1147 2201 1201 2265 uel
1222 2199 1288 2263 tale

131 2308 267 2392 aliquid,
305 2308 378 2374 sedt
420 2308 786 2391 coinquinationes
829 2307 975 2387 mundi,
1013 2306 1044 2371 in
1083 2306 1200 2390 quibus
1238 2308 1288 2371 est

129 2417 245 2498 utique
278 2416 380 2481 omnis
412 2415 604 2480 inmunditia
634 2414 841 2501 flagitiorum.
874 2422 951 2479 'nam
985 2414 1024 2479 de
1055 2414 1106 2477 his
1140 2413 1286 2497 superius

129 2522 267 2605 loquens
296 2523 389 2589 dixit:
418 2522 687 2606 coepulantes
719 2522 947 2600 uobiscum,
973 2522 1117 2587 oculos
1141 2520 1286 2585 haben-

82 2632 194 2697 sotes
222 2629 367 2712 plenos
396 2628 597 2693 adulterii
625 2631 664 2693 et
691 2627 972 2693 indesinentia
1002 2626 1176 2711 peccati.
1214 2626 1285 2692 ideo

129 2734 229 2799 etiarn
257 2734 361 2800 fontes
389 2734 493 2800 siccos
517 2753 572 2800 eos
597 2735 751 2818 appellat:
775 2735 880 2800 fontes
903 2734 1065 2814 uidelicet,
1091 2734 1175 2817 quod
1199 2752 1287 2799 ecca-

126 2840 236 2924 perint
271 2840 467 2923 agnitionem
503 2839 623 2904 domini
656 2839 786 2918 christi,
820 2840 922 2905 siccos
960 2844 1078 2919 autem,
1113 2840 1187 2923 quia
1222 2858 1284 2905 non

128 2949 342 3032 congruenter
368 2945 495 3011 uiuunt.
535 2947 716 3012 dotalibus
741 2946 859 3031 quippe
883 2946 979 3011 etiam
998 2946 1095 3012 Iudas
1119 2947 1284 3031 apostolus

128 3053 275 3135 loquens,
299 3051 340 3117 hi
368 3056 473 3132 sunt,
497 3052 611 3135 inquit,
636 3052 705 3135 qni
731 3052 771 3116 in
796 3052 1101 3119 dilectionibus
1124 3054 1283 3118 uestris

81 3159 329 3233 „maculati
371 3160 645 3242 coepulantur
689 3160 778 3225 sine
817 3160 962 3224 timore
1001 3163 1129 3227 semet
1166 3160 1282 3241 ipsos

125 3268 363 3347 pascentes,
382 3266 509 3331 nubes
534 3266 625 3331 sine
649 3285 751 3349 aque
769 3269 802 3331 et
822 3268 935 3331 cetera.
961 3266 1047 3349 quod
1066 3268 1147 3330 eninr
1167 3266 1282 3332 Petrus

217 3474 236 3530 8
256 3472 290 3529 cf.
310 3473 369 3532 Gal.
388 3474 415 3543 5,
433 3476 450 3529 6
507 3475 539 3529 19
557 3474 677 3531 11Petr.
697 3476 722 3545 2,
743 3476 785 3531 13.
807 3474 839 3531 14
893 3428 1005 3529 uliud.
1028 3474 1051 3538 1,
1073 3474 1105 3529 12

159 3600 397 3668 2cognoecentes
415 3598 485 3654 ΝΜ
546 3599 712 3654 3mandato
730 3602 825 3655 sancto
843 3598 872 3651 P
933 3598 1041 3668 bquod
1059 3596 1143 3653 ΒΜΔ
1215 3601 1281 3651 ιι1’-

125 3690 306 3758 praeceptum
326 3691 369 3742 est
384 3688 418 3742 a'a
434 3705 485 3759 mg.
503 3693 619 3757 reputt
682 3686 893 3757 lquamquem]
914 3692 1025 3755 quamq
1079 3688 1240 3759 9erprimit
1254 3689 1281 3742 A

127 3777 161 3831 10
178 3775 210 3831 id
229 3779 273 3829 est
290 3790 342 3830 om.
361 3776 381 3831 1
470 3777 759 3847 quoinquinationibns
777 3776 832 3832 NS
923 3778 955 3832 12
974 3777 1232 3847 quoinquinationes
1250 3778 1284 3831 N

126 3866 160 3919 13
179 3864 228 3919 dei
245 3863 336 3918 BAN
405 3866 551 3920 seruatoris
564 3866 624 3921 BN
679 3868 712 3921 16
730 3866 1119 3937 ignorantiam-relugientes
1136 3867 1168 3921 o'c
1181 3884 1231 3937 my.
1246 3868 1284 3922 M

124 3952 292 4009 infidelitate
309 3953 340 4008 N
395 3956 428 4009 17
449 3954 707 4025 quoinquiuationes
725 3955 836 4025 SINPp
918 3960 960 4010 est
977 3960 1061 4023 amb
1130 3956 1163 4011 19
1182 3973 1279 4027 coepu-

124 4042 196 4096 lotas
215 4040 286 4096 SM¹
305 4043 503 4113 quoepnlantes
521 4043 550 4098 P
600 4044 637 4100 20
654 4044 841 4100 indesinentes
859 4045 983 4101 SMRA¹
1042 4045 1074 4099 21
1096 4044 1237 4115 appellant
1254 4046 1282 4099 P

125 4132 160 4185 22
178 4132 229 4201 qni
246 4130 318 4186 N¹R
408 4132 444 4185 23
463 4132 686 4203 congruentesS
771 4135 808 4189 24
826 4134 866 4187 hii
884 4134 915 4188 N
1006 4134 1234 4189 delectationibus
1253 4136 1281 4188 Β

125 4220 159 4274 25
186 4219 352 4362 σὲριὼιιῒιιι
381 4218 558 4290 CBNPAxe
666 4224 696 4276 et
722 4223 796 4293 ipsos
828 4222 974 4278 SMBAN
1075 4224 1110 4278 26
1137 4226 1279 4294 pascentes

126 4323 175 4362 om.
221 4308 268 4363 ΙΖ
794 4352 797 4359 .
