3109 4959
295 429 359 492 314
658 424 684 480 S.
714 423 850 477 Aureli
878 421 1095 492 Augustini

294 641 371 685 sana
391 621 424 684 iu
449 621 517 684 eius
542 638 671 700 corpore
696 637 805 683 saram
829 621 860 683 te
883 618 980 683 iaciat
1002 637 1058 701 per
1081 617 1148 684 eius
1173 619 1319 703 gratiam,
1337 623 1375 682 ut
1397 617 1439 683 id.

294 728 378 809 quod
415 726 485 792 aliis
521 727 636 790 melius
674 725 772 790 babes
805 725 837 789 in
870 745 998 809 corpore
1031 730 1065 791 et
1096 727 1222 809 spiritu,
1254 725 1339 790 idem
1371 725 1440 808 ipse

295 834 436 918 spiritus,
472 833 525 916 qui
558 834 679 916 corpori
714 831 903 910 dominatur,
932 851 989 896 nec
1017 833 1149 898 extollat
1179 832 1353 897 insolenter
1383 851 1439 896 uec

294 943 451 1006 discernat
473 940 653 1004 inscienter.

341 1051 390 1115 10.
415 1048 481 1112 Nec
506 1048 580 1130 quia
603 1047 666 1111 diri
684 1047 771 1111 Ruth
790 1047 927 1124 beatam,
947 1049 1070 1111 Annam
1089 1047 1274 1127 beatiorem,
1294 1065 1367 1109 cum
1386 1045 1440 1110 illa
1465 1067 1477 1104 ε

291 1156 341 1220 bis
366 1154 517 1237 nupserit,
546 1155 624 1218 haec
652 1153 777 1218 uniuira
805 1154 868 1217 cito
896 1153 1028 1217 uiduata
1056 1153 1110 1216 diu
1139 1153 1264 1228 uixerit,
1290 1153 1439 1216 contiuuo

293 1263 388 1326 etiam
412 1265 444 1325 te
469 1260 631 1325 meliorem
657 1263 750 1343 putes
776 1279 965 1341 essequam
990 1259 1085 1324 lluth.

338 1368 406 1434 VII.
431 1369 503 1432 Alia
527 1369 642 1450 quippe
665 1366 861 1451 propheticis
884 1366 1082 1450 temporibus
1106 1369 1288 1432 sanctarum
1311 1365 1439 1429 femina·

292 1495 361 1538 rum
390 1475 584 1558 dispensatio
612 1475 683 1551 fuit,
714 1493 792 1556 quas
819 1474 936 1538 nubere
965 1472 1173 1548 oboedientia,
1201 1483 1262 1537 uon
1292 1471 1439 1555 coucupi-

292 1583 414 1647 scentia
437 1583 645 1664 conpellebat.
666 1585 702 1646 ut
724 1585 952 1666 propagaretur
974 1583 1112 1665 populus
1136 1581 1198 1656 dei,
1217 1581 1250 1643 iu
1269 1599 1334 1662 quo
1353 1599 1437 1663 pme·
1456 1597 1477 1636 u

291 1689 492 1754 mitterentur
522 1689 694 1772 prophetae
723 1687 851 1764 Christi,
882 1708 954 1754 eum
987 1690 1114 1772 etipse
1142 1689 1281 1771 populus
1310 1706 1366 1769 per
1393 1705 1437 1752 ea.

292 1817 371 1879 quae
398 1797 436 1860 in
464 1797 602 1880 figura
629 1796 925 1880 contingebant
952 1796 991 1860 iu
1019 1795 1121 1872 illis,
1150 1795 1220 1860 siue
1248 1794 1281 1858 in
1306 1793 1358 1858 his
1382 1793 1435 1875 qui

292 1905 410 1967 scireut
438 1905 506 1967 siue
534 1903 565 1966 in
595 1903 644 1967 his
674 1903 728 1985 qui
752 1903 807 1966 illa
830 1903 996 1979 nescirent,
1021 1903 1100 1967 nihil
1122 1902 1211 1967 aliud
1234 1907 1321 1967 esset
1344 1921 1434 1983 quam

290 2012 443 2092 propbeta
472 2009 600 2086 Christi,
630 2029 664 2073 er
698 2029 759 2091 quo
793 2013 975 2075 nasceretur
1006 2010 1101 2074 etiam
1134 2027 1205 2074 caro
1240 2008 1371 2075 Christi.
1403 2013 1436 2071 ut

291 2136 365 2201 ergo
389 2119 442 2181 ille
466 2118 604 2200 populus
623 2121 860 2200 propagaretur,
877 2117 1070 2185 maledictus
1088 2116 1265 2181 habebatur
1282 2115 1434 2198 perlegis
1451 2138 1472 2178 a

291 2225 489 2302 sententiam,
523 2223 577 2305 qui
613 2243 674 2288 nou
713 2224 883 2288 suscitaret
919 2243 1026 2288 semen
1058 2225 1091 2288 in
1123 2224 1252 2288 Israhel.
1292 2221 1376 2286 unde
1406 2223 1435 2283 et

291 2335 416 2394 sanotae
449 2329 598 2393 mulieres
628 2327 879 2393 accendebantur
905 2348 965 2393 nou
996 2329 1169 2411 cupiditate
1197 2327 1433 2394 concumbendi.

291 2437 346 2500 sed
369 2436 487 2517 pietate
510 2435 660 2518 pariendi,
680 2438 717 2498 ut
734 2434 911 2499 rectissime
931 2436 1099 2500 credantur
1117 2435 1237 2501 coitum
1256 2454 1319 2500 non
1341 2435 1434 2498 luisse

291 2542 500 2625 quaesiturae,
530 2542 555 2606 si
589 2542 692 2625 proles
725 2547 837 2625 posset
864 2543 956 2607 aliter
981 2544 1158 2624 prouenire,
1192 2547 1224 2607 et
1251 2543 1331 2606 uiris
1359 2560 1433 2606 usus

288 2649 428 2732 plurium
455 2647 602 2713 uiuarum
626 2648 856 2713 concedebatur
881 2667 1024 2715 urorum.
1054 2650 1146 2714 cuius
1168 2649 1215 2713 rei
1238 2666 1301 2712 non
1325 2666 1432 2712 coucu-
1449 2673 1470 2711 s

290 2755 476 2840 piscaritiam
497 2756 609 2831 caruis,
630 2755 683 2820 sed
704 2756 935 2838 prouidentiam
955 2757 1168 2840 generationis
1187 2756 1289 2821 inisse
1308 2775 1432 2820 causam

288 2863 369 2928 illud
397 2863 545 2932 ostendit,
571 2862 655 2945 quod
684 2861 768 2928 sicut
796 2863 914 2927 sanctis
947 2863 1026 2927 uiris
1053 2862 1168 2928 habere
1192 2864 1302 2946 plures
1326 2880 1432 2928 uxores

289 2971 392 3047 uiuae,
420 2987 480 3033 non
514 2971 560 3032 ita
592 2971 687 3034 etiam
717 2971 835 3035 sanetis
863 2969 989 3035 feminis
1016 2970 1133 3036 licebat
1160 2971 1287 3050 misceri
1315 2969 1433 3034 maritis

288 3075 433 3160 pluribus
462 3077 558 3154 ulula,
583 3077 731 3160 quoniam
755 3081 843 3141 tanto
868 3081 976 3141 essent
998 3079 1166 3161 turpiores,
1190 3081 1310 3160 quanto
1333 3077 1433 3162 magis

289 3183 482 3265 adpeterent,
502 3182 584 3246 uude
608 3203 667 3246 nou
692 3187 798 3246 essent
821 3181 1030 3250 fecundiores.
1054 3184 1184 3266 prolude
1208 3188 1320 3248 sancta
1338 3183 1431 3249 Ruth.
1447 3209 1471 3248 a

378 3409 411 3462 12
431 3407 464 3461 cl.
484 3407 497 3460 I
517 3407 576 3462 Cor.
598 3407 639 3472 10,
663 3410 691 3461 ll
718 3465 721 3470 ,
749 3410 781 3463 15
801 3408 834 3462 cl.
855 3409 936 3463 Dent.
956 3411 998 3472 25,
1018 3411 1106 3465 5-10

323 3531 384 3584 ain
404 3529 500 3600 spiritu
519 3529 576 3584 1Ζῖ
683 3532 699 3585 3
718 3531 829 3601 spirltus
852 3536 916 3585 tuus
934 3533 1256 3604 PpHADNMENde
1365 3535 1432 3588 uel

287 3619 424 3690 bdiritp
489 3621 531 3680 cui
551 3619 578 3672 A
632 3620 714 3674 burri
733 3621 791 3673 uiro
814 3621 1034 3676 GIZBDMEN
1048 3641 1102 3676 uuo
1121 3624 1179 3677 uiro
1198 3624 1325 3678 ATXod
1387 3623 1431 3676 din

287 3709 394 3775 uixerit]
414 3706 566 3761 adiunxerit
584 3707 611 3761 Z
629 3707 763 3762 adiuuerit
780 3709 801 3762 Ι
842 3711 857 3763 7
876 3713 905 3763 te
925 3711 1006 3764 etiam
1026 3711 1128 3766 IZBE
1174 3713 1191 3765 9
1210 3714 1303 3766 omnia
1322 3711 1432 3767 oboedi·

287 3795 363 3848 eucia
385 3795 410 3848 T
501 3795 532 3849 10
551 3796 723 3864 conpellabat
743 3796 804 3850 0¹1
908 3800 1129 3868 premittereutur
1145 3800 1173 3854 P
1190 3802 1387 3870 puritterentur
1402 3801 1433 3854 X

288 3885 320 3936 12
339 3883 367 3936 iu
385 3883 453 3937 med.
473 3900 524 3939 ont.
544 3883 793 3938 P¹ABDMENX
862 3887 918 3942 illis
937 3905 989 3945 om.
1007 3889 1045 3942 P¹
1116 3890 1316 3944 siue-seirent
1333 3907 1384 3946 oni.
1404 3890 1434 3944 X

287 3973 321 4026 13
340 3989 392 4042 qup
410 3971 478 4024 BD¹
550 3973 592 4026 illi
611 3975 636 4026 B
707 3976 826 4029 nesciret
846 3977 874 4029 Χ
946 3982 1037 4031 esseut
1058 3978 1123 4032 012
1140 3995 1200 4033 esse
1218 3979 1250 4034 X
1320 3981 1354 4034 14
1371 3996 1431 4050 pro·

286 4060 381 4130 phetia
398 4057 456 4128 Np²
544 4060 626 4114 etiam
645 4066 771 4116 nascetur
789 4063 822 4116 N
910 4065 942 4120 15
962 4067 1077 4137 populus
1095 4067 1142 4120 ille
1165 4067 1191 4120 Τ
1282 4069 1316 4124 16
1333 4068 1363 4122 in
1381 4084 1431 4122 ons.

284 4147 491 4202 ΡΗΑΜΕΧΤ
563 4149 595 4202 17
615 4149 812 4204 accendebatur
828 4152 871 4206 Dl
944 4155 977 4206 19
996 4171 1074 4223 posse
1092 4155 1220 4223 taliterr
1306 4157 1377 4212 alter
1393 4155 1430 4210 B'

285 4239 320 4292 20
347 4237 522 4308 plurimarum
550 4237 796 4293 BDTMENde
822 4241 964 4309 plurimum
992 4243 1105 4316 ΡῙΗΑι
1213 4245 1379 4300 coutebatur
1403 4244 1431 4298 X

285 4327 319 4379 22
340 4327 404 4380 uiris
419 4327 520 4380 sanctis
535 4326 572 4380 bd
625 4326 691 4381 uiris
705 4343 755 4382 om.
771 4329 831 4382 EX
866 4331 1162 4388 23lenrinisetiarn13
1198 4333 1432 4406 ttapeterentB
