3109 4959
561 428 603 483 de
630 428 833 484 mendacio
1211 434 1273 497 431

121 630 240 709 quanto
276 627 378 711 igitur
412 626 612 691 mendacium
649 628 825 709 procliuius
858 626 1018 711 elegisset,
1052 628 1080 693 si
1112 626 1274 693 mendacio

119 737 234 816 posset
255 752 275 797 a
297 736 408 799 sancto
432 752 560 816 corpore
583 738 648 798 tam
673 734 798 798 inmane
821 733 979 817 flagitium
1002 737 1180 799 remouere!

169 842 221 905 13.
253 840 289 905 In
329 859 390 922 qua
425 839 641 923 propositione
677 841 741 905 ista
776 844 861 915 suut,
901 858 981 923 quae
1019 840 1131 906 merito
1166 842 1275 923 quaeri

119 950 271 1030 possunt:
303 951 410 1013 utrum
442 948 517 1013 talis
551 947 717 1013 consensio
749 966 806 1030 pro
838 947 924 1011 facto
956 946 1101 1012 habenda
1128 948 1185 1023 sit;
1219 952 1275 1011 aut

84 1056 231 1117 sotrum
259 1054 423 1119 consensio
451 1052 586 1119 dicenda
613 1054 667 1129 sit,
691 1072 771 1135 quae
795 1073 856 1117 non
881 1053 977 1118 habet
1000 1053 1272 1136 adprobationem

118 1164 178 1224 aut
199 1164 308 1223 utrum
332 1160 516 1242 adprobatio
535 1160 588 1237 sit,
609 1179 681 1225 cum
701 1160 833 1225 dicitur:
858 1160 984 1243 expedit
1001 1159 1062 1223 hoc
1080 1160 1148 1241 pati
1166 1159 1273 1243 potius

119 1285 216 1347 quam
240 1265 321 1330 illud
343 1267 461 1342 lacerer
490 1270 523 1330 et
545 1269 654 1331 utrum
676 1268 761 1331 recte
785 1266 839 1331 ille
862 1265 974 1331 fecerit
996 1266 1155 1331 turificare
1178 1285 1273 1348 quam

118 1376 268 1455 stuprum
282 1373 363 1455 pati:
384 1375 417 1436 et
430 1375 537 1437 utrum
554 1372 770 1437 mentiendum
792 1376 878 1437 esset
897 1372 1014 1456 potius,
1031 1374 1060 1437 si
1078 1391 1115 1437 ea
1129 1371 1272 1437 condicio

118 1478 260 1547 daretur.
288 1498 384 1560 quam
411 1476 644 1542 turificandum.
684 1477 739 1542 sed
768 1478 895 1542 situlis
919 1478 1084 1547 consensio
1108 1498 1164 1561 pro
1188 1480 1272 1545 lacto

71 1608 97 1647 ιο
118 1584 265 1649 habenda
283 1587 344 1662 est,
362 1584 540 1649 homicidae
564 1585 763 1660 sumebam,
785 1585 840 1665 qui
859 1584 960 1649 occidi
979 1586 1159 1650 maluerunt
1177 1604 1271 1668 qnam

118 1691 238 1756 falsum
266 1690 484 1756 testimonium
514 1690 629 1766 dicere,
658 1693 690 1754 et
717 1691 803 1773 qood
827 1694 876 1757 est
899 1690 1105 1756 homicidium
1131 1692 1270 1777 grauius,

117 1798 150 1861 in
180 1816 215 1861 se
243 1798 342 1879 ipsos.
380 1816 437 1861 cur·
464 1797 545 1861 enim
575 1796 636 1862 boc
663 1801 756 1879 pacto
786 1816 847 1861 non
877 1797 1008 1874 dicatur,
1039 1798 1123 1881 qood
1151 1799 1212 1881 ipsi
1237 1820 1271 1865 se

117 1903 302 1980 occiderint,
325 1904 400 1986 quia
430 1904 490 1969 hoc
523 1905 687 1987 elegerunt
718 1904 750 1967 in
779 1922 814 1967 se
843 1904 921 1981 lieri,
949 1922 988 1969 ue
1016 1904 1156 1969 lacerent
1186 1906 1272 1987 qnod

117 2010 334 2093 cogebantur?
373 2014 428 2075 aut
456 2010 484 2075 si
512 2011 641 2093 grauius
669 2014 802 2092 putatur
829 2012 926 2075 aliurn
952 2010 1094 2077 occidere
1118 2031 1211 2093 quam
1236 2032 1270 2079 se

70 2142 97 2181 ιι
116 2118 238 2200 ipsum,
271 2117 368 2199 quid?
397 2117 425 2182 si
457 2117 534 2181 haec
568 2116 711 2181 condicio
744 2118 874 2200 martyri
901 2120 1138 2200 proponeretur,
1166 2122 1212 2197 ut,
1242 2120 1271 2184 si

117 2223 220 2289 nollet
247 2224 286 2287 de
309 2223 436 2289 Christo
463 2224 582 2289 falsum
609 2223 830 2288 testimonium
858 2224 960 2289 dicere
989 2228 1084 2306 atque
1107 2224 1269 2291 immolare

117 2329 339 2406 daemonibus,
367 2338 438 2393 ante
467 2330 576 2395 oculos
604 2328 707 2411 ipsius
732 2329 899 2395 aliusnon
925 2330 1061 2412 quilibet
1084 2330 1188 2407 bomo,
1214 2332 1270 2397 sed

116 2439 208 2518 pater
231 2435 300 2500 eius
320 2435 526 2511 occideretur,
545 2452 662 2519 rogans
681 2434 778 2499 etiam
797 2435 909 2513 filium,
928 2456 967 2501 ne
985 2435 1019 2500 id
1036 2438 1271 2520 perseuerantia

117 2542 267 2609 suaderi
289 2542 498 2625 permitteret,
522 2560 624 2605 nonne
647 2542 852 2607 manifestum
876 2546 925 2608 est
947 2542 1002 2607 illo
1032 2544 1065 2608 in
1093 2544 1268 2609 testimonii

66 2676 95 2715 ιο
117 2649 295 2714 fidelissimi
321 2648 477 2714 sententia
494 2652 696 2731 permanente
715 2648 800 2713 solos
820 2649 994 2715 homicidas
1014 2650 1138 2715 futuros
1157 2650 1267 2717 fuisse.

117 2754 173 2837 qui
195 2758 318 2838 patrem
342 2754 411 2819 eius
436 2754 623 2831 occiderent,
644 2773 704 2819 non
723 2754 816 2819 illum
836 2756 931 2821 etiam
951 2755 1160 2839 parricidam?
1183 2757 1269 2821 sicut

117 2881 193 2945 ergo
213 2861 309 2927 hrrius
327 2860 409 2926 tanti
427 2860 558 2925 sceleris
576 2862 734 2943 particeps
753 2861 815 2925 iste
834 2881 894 2927 non
916 2864 1010 2940 esset,
1027 2880 1100 2927 cum
1116 2864 1269 2946 elegisset

116 2973 239 3052 patrem
264 2987 357 3032 suum
381 2968 491 3049 potius
514 2968 552 3031 ab
577 2968 648 3033 aliis
671 2967 817 3047 interfici,
838 2969 933 3033 etiam
954 2968 1153 3053 sacrilegum,
1174 2969 1265 3033 cuius

116 3075 223 3140 anima
245 3077 408 3157 raperetur
430 3074 469 3139 ad
492 3094 620 3155 poenas,
645 3094 740 3157 quam
758 3074 853 3139 fidem
874 3094 965 3140 suem
983 3076 1063 3139 falso
1083 3075 1265 3139 testimonio

66 3210 96 3249 ss
114 3182 251 3247 uiolare:
281 3181 327 3245 sic
355 3181 429 3245 talis
451 3180 506 3245 ille
530 3200 704 3248 consensus
728 3201 790 3246 non
815 3201 886 3247 eum
910 3182 1027 3247 faceret
1050 3182 1129 3247 tanti
1152 3181 1266 3265 flagitii

113 3288 314 3373 participem,
338 3288 367 3353 si
388 3289 472 3353 male
495 3288 599 3353 lacere
621 3289 691 3371 ipse
714 3289 824 3366 nollet,
849 3288 1003 3372 quidquid
1026 3289 1078 3353 alii
1103 3292 1266 3371 propterea

114 3396 279 3470 fecissent,
303 3395 378 3477 quia
399 3395 469 3478 ipse
492 3414 554 3460 non
572 3396 699 3460 faceret.
734 3394 810 3477 quid
834 3396 916 3459 enirn
940 3396 1022 3459 tales
1046 3399 1264 3477 persecutores

150 3622 168 3673 2
187 3623 283 3684 sancto
302 3619 344 3689 (in
362 3636 412 3689 serp.
431 3636 465 3675 m.
485 3623 506 3673 2
523 3624 584 3683 suo)
604 3618 635 3672 F
685 3619 821 3689 flagitium
840 3623 897 3673 tam
915 3620 1023 3674 inmune
1041 3620 1111 3692 Μγφ
1129 3620 1262 3689 flagitium

113 3715 171 3763 tam
191 3709 343 3761 inmaneret
360 3707 388 3763 R
451 3708 584 3761 remoueri
602 3705 718 3777 ΜΕβγφ
737 3708 840 3761 moueri
859 3708 887 3763 R
927 3708 1139 3776 ¹lconsentiod
1203 3710 1262 3777 aut]

114 3813 149 3850 an
167 3796 200 3851 F
260 3795 466 3864 5conseutioll
530 3796 624 3865 bant]
644 3813 677 3851 au
698 3795 729 3849 F
797 3796 889 3867 potius
908 3798 967 3866 pati
985 3796 1016 3851 F
1082 3797 1218 3851 lloreret
1236 3798 1263 3853 R

113 3886 162 3939 ille
181 3889 254 3939 recte
273 3884 303 3938 F
398 3884 547 3939 turificuret
564 3884 592 3939 R
667 3886 700 3937 12
719 3901 766 3938 cur
785 3901 817 3937 ea
836 3902 888 3954 quo
909 3884 939 3937 F
1009 3886 1042 3940 13
1061 3885 1218 3941 occiderunt
1235 3886 1266 3939 F

113 3974 257 4042 elegerunt
274 3971 326 4027 hoo
345 3972 400 4041 sod
438 3973 470 4027 14
489 3989 570 4041 quam
589 3989 617 4026 se
636 3974 725 4042 ipsum
744 3987 833 4041 orrap
872 3974 905 4027 lc
925 3972 997 4043 quod
1015 3972 1043 4043 γ1
1097 3974 1202 4029 martiri
1219 3976 1265 4045 γΕ

112 4060 233 4127 manat
332 4060 578 4132 postponeretur?
670 4061 702 4114 17
722 4060 882 4115 demonibus
901 4059 950 4131 Μγ
1051 4062 1148 4132 ipsius]
1169 4063 1262 4133 eiusli

113 4150 332 4205 abrenuntiem
354 4149 576 4221 permanenteR
682 4148 821 4203 homicida
838 4150 874 4203 M
980 4151 1012 4204 21
1039 4151 1133 4220 etiam]
1159 4167 1217 4205 esse
1235 4150 1266 4204 F

114 4240 149 4292 24
167 4243 324 4308 raeperetur
340 4240 369 4295 R
391 4244 531 4309 reperetur
548 4238 586 4293 Μ
708 4254 840 4307 ρειαιιιγ
865 4255 947 4307 penus
968 4237 984 4306 β
1093 4240 1126 4293 25
1147 4240 1263 4294 uiolaret

113 4327 287 4397 ΜΙίῈίΨφγι
340 4329 375 4383 26
392 4329 453 4399 ipso
472 4327 506 4382 8¹
578 4326 707 4397 quicquid
724 4324 806 4392 111113
