3109 4959
461 433 502 488 de
532 451 647 504 opere
674 435 945 488 monachorum
1214 438 1279 501 569

173 631 243 695 XX.
278 631 330 694 23.
362 629 425 694 Hic
449 629 585 693 exoritur
608 631 707 694 altera
731 630 886 711 quaestio.
911 630 1047 694 fortasse
1071 630 1154 694 enim
1179 629 1277 694 dicat:

128 736 206 820 quid
231 740 326 821 ergo?
360 736 457 801 ceteri
481 736 617 819 apostoli
645 740 678 800 ot
700 735 813 800 fratres
838 735 958 801 domini
982 740 1014 800 et
1038 735 1171 819 Cophos,
1204 736 1279 817 quia

127 863 190 909 nou
229 844 447 925 operabantur,
485 843 677 926 peccabant?
716 845 772 906 aut
809 843 992 906 adferebant
1027 843 1278 924 inpedimentum

128 951 306 1033 euangelio,
339 949 414 1032 quia
446 949 524 1013 dixit
557 950 670 1014 beatus
693 948 815 1014 Paulus
846 949 918 1012 ideo
951 968 984 1013 se
1016 968 1078 1012 non
1100 968 1195 1014 usum
1218 949 1278 1012 hac

93 1061 298 1140 spotestate,
331 1077 369 1122 ne
394 1056 477 1138 quod
507 1055 759 1139 inpedimentum
784 1056 873 1121 daret
894 1057 1060 1140 euangelio
1085 1055 1225 1121 Christi?
1249 1056 1278 1120 si

127 1164 213 1228 euim
236 1167 458 1247 peccauerunt,
482 1163 640 1244 quianon
664 1163 786 1245 operati
810 1166 894 1239 sunt,
914 1181 976 1227 non
996 1181 1070 1246 ergo
1094 1165 1279 1245 acceperant

125 1275 319 1355 potestatem
344 1289 405 1334 non
431 1269 589 1352 operandi,
615 1269 671 1333 sed
695 1269 733 1334 de
758 1269 924 1353 euangelio
948 1268 1089 1333 uiuendi.
1123 1270 1150 1333 ei
1170 1272 1276 1334 autem

126 1381 314 1460 acceperant
345 1377 425 1440 hanc
453 1379 645 1457 potestatem
680 1375 843 1441 ordinante
867 1375 1006 1451 domino,
1039 1381 1075 1439 ut
1099 1377 1155 1458 qui
1182 1396 1277 1440 euan-

126 1485 248 1568 gelium
268 1483 498 1558 adnuntiarent,
519 1501 555 1546 ex
574 1483 738 1566 euangelio
759 1483 914 1558 uiuerent,
934 1487 967 1547 et
981 1482 1120 1547 dicente:
1140 1483 1276 1567 dignus

73 1611 106 1649 1⁰
127 1594 188 1656 est
220 1591 417 1673 operarius
453 1590 535 1654 cibo
570 1609 636 1656 suo
660 1627 704 1636 -
728 1609 791 1672 qua
813 1591 972 1671 potestate
995 1589 1115 1653 Paulus
1139 1590 1276 1673 amplius

126 1698 249 1781 aliquid
273 1715 405 1780 erogans
429 1697 477 1760 uti
501 1697 671 1760 noluit-
696 1715 755 1760 non
782 1696 893 1777 utiquo
917 1699 1136 1778 peccauerunt.
1165 1697 1192 1760 si
1215 1716 1275 1761 non

124 1808 348 1889 peccauerunt,
390 1803 513 1869 nullum
556 1803 805 1886 inpedimentum
848 1802 1010 1866 dederunt.
1052 1821 1155 1884 neque
1192 1804 1275 1867 enim

124 1912 251 1975 nullum
282 1912 450 1993 peccatum
483 1913 534 1974 est
564 1909 704 1992 inpedire
729 1909 942 1992 euangelium.
977 1909 1061 1990 quod
1092 1909 1120 1972 si
1146 1910 1192 1973 ita
1216 1916 1275 1987 est,

125 2021 160 2081 et
178 2017 279 2092 uobis,
297 2016 454 2098 inquiunt,
473 2016 609 2080 liberum
630 2018 680 2079 est
703 2019 735 2079 ot
758 2015 806 2078 uti
827 2020 860 2078 et
877 2034 939 2079 uon
958 2015 1006 2078 uti
1025 2015 1084 2079 hac
1103 2018 1275 2097 potestate.

73 2143 105 2184 ιε
172 2126 225 2188 24.
258 2124 348 2188 Hanc
372 2123 589 2205 quaestionem
614 2122 753 2186 breuiter
776 2122 944 2198 soluerem,
978 2123 1006 2186 si
1031 2122 1178 2198 dicerem,
1202 2122 1277 2202 quia

126 2235 160 2294 et
181 2231 267 2294 inste
291 2229 428 2294 dicerem
452 2229 640 2293 credendum
666 2247 734 2293 esse
760 2228 915 2311 apostolo.
945 2229 1013 2311 ipse
1036 2228 1120 2292 euim
1143 2229 1275 2306 sciebat,

125 2355 183 2401 cur
216 2336 247 2400 in
282 2335 425 2400 ecclesiis
459 2335 602 2418 gentium
635 2353 696 2400 uon
726 2338 883 2418 oporteret
905 2334 1023 2417 portari
1046 2335 1158 2399 uenale
1182 2355 1276 2400 euan-

124 2443 256 2526 gelium,
290 2461 350 2507 non
381 2442 511 2523 culpans
537 2442 737 2524 coapostolos
761 2459 848 2519 euos,
881 2441 938 2505 sed
962 2441 1161 2524 distinguens
1184 2442 1276 2506 mini-

125 2549 259 2613 sterium
294 2566 399 2626 suurn,
432 2549 507 2629 quia
537 2549 584 2612 ita
615 2549 697 2613 iuter
730 2567 763 2612 se
789 2546 1016 2612 distribuerant
1041 2548 1273 2630 proculdubio

72 2675 103 2713 ευ
125 2655 313 2720 admonente
338 2654 451 2736 spiritu
476 2657 585 2719 sancto
610 2653 848 2739 euangeiinandi
872 2654 1063 2736 prouincias,
1094 2658 1131 2717 ut
1153 2654 1274 2719 Paulus

125 2765 160 2826 et
190 2760 350 2826 Bamabaa
383 2760 423 2824 ad
455 2764 567 2844 gentes
599 2761 691 2836 irent,
724 2760 773 2824 illi
806 2763 913 2824 autem
936 2761 968 2823 in
993 2761 1274 2826 circumcisionem

123 2868 186 2932 hoc
209 2871 315 2932 tamen
339 2887 411 2932 eum
435 2866 718 2950 praecepissetis
751 2867 805 2948 qui
829 2885 890 2930 uon
914 2866 1074 2930 habebant
1097 2868 1164 2931 eius
1188 2868 1274 2931 modi

122 2977 330 3056 potestatem,
356 2993 392 3038 ea
416 2993 496 3056 quae
520 2974 582 3037 iarn
606 2973 710 3037 multa
733 2972 818 3037 dicta
842 2977 918 3037 sunt
938 2974 1153 3037 manifestant.

169 3080 254 3144 XXI.
274 3081 333 3144 Isti
352 3084 457 3144 auteur
477 3080 589 3144 fratres
610 3078 710 3144 nostri
725 3083 845 3144 temere
860 3078 921 3142 sibi
936 3078 1099 3162 adrogant,
1119 3082 1273 3162 quantum

71 3207 102 3248 as
123 3186 282 3264 existimo,
314 3186 399 3268 quod
422 3186 490 3250 eius
515 3185 602 3250 modi
625 3185 761 3249 habeant
784 3187 987 3266 potestatem.
1022 3186 1049 3249 ei
1073 3186 1155 3248 enim
1180 3204 1273 3250 euan-

216 3479 348 3538 onueu.
371 3481 412 3544 ro,
433 3481 466 3534 ro
521 3481 555 3534 ao
576 3480 609 3535 or.
630 3479 690 3533 nce.
711 3481 752 3540 ra.
772 3480 789 3532 a
808 3497 882 3549 sque
904 3479 962 3534 car.
984 3479 1044 3542 aa

163 3622 259 3676 lhinc
277 3622 478 3693 PVDBMpbd
532 3622 629 3690 aquis
647 3624 673 3676 A
747 3639 797 3692 ego
816 3621 844 3674 B
917 3623 1061 3693 cephasO
1114 3623 1218 3677 4dicit
1237 3622 1274 3675 bd

121 3728 184 3766 esse
203 3727 278 3764 usum
299 3712 336 3766 Μ
396 3713 480 3780 dqui
497 3713 524 3766 A
598 3711 703 3781 operati
722 3729 775 3765 non
795 3715 859 3765 sunt
876 3712 1009 3784 PVDMp
1074 3715 1272 3782 7potestatem

120 3817 175 3854 om.
195 3802 223 3854 A
277 3801 369 3854 uiuere
389 3800 421 3854 N
453 3802 531 3870 dex]
553 3799 585 3854 de
604 3800 642 3853 M
677 3801 710 3854 10
730 3801 845 3870 amplius
864 3817 915 3854 om.
934 3801 1097 3855 OOFABN
1132 3803 1162 3856 11
1178 3817 1270 3870 super·

121 3905 240 3957 erogans
258 3888 286 3942 B
305 3904 432 3958 arrogans
451 3888 482 3942 D
520 3888 552 3941 12
573 3887 715 3956 euangelio
735 3887 959 3956 impedimentum
978 3889 1006 3941 B
1048 3890 1080 3943 13
1098 3888 1274 3958 impedireO

122 3978 159 4032 16
178 3977 266 4030 scibat
287 3976 319 4029 0¹
381 3977 414 4031 17
433 3977 557 4045 gentium
576 3993 627 4030 om,
647 3975 683 4030 M
753 3979 893 4045 oporteret
911 3993 961 4033 om.
981 3977 1018 4030 M
1087 3978 1175 4047 potari
1195 3982 1221 4043 (o
1240 3977 1273 4029 in

119 4069 191 4132 rus.)
214 4064 279 4132 0‚o
296 4068 404 4134 portare
423 4065 460 4118 M
476 4065 566 4134 putari
585 4064 711 4135 PVDBp
767 4065 801 4119 19
819 4065 861 4118 ita
878 4083 929 4119 om.
949 4067 976 4118 A
1049 4083 1109 4120 cum
1126 4065 1272 4120 uocabulo

119 4157 197 4210 inter
215 4171 243 4207 se
257 4155 362 4222 finitur
380 4154 465 4207 codex
483 4153 509 4206 V
561 4155 596 4208 20
615 4154 817 4222 amonenteDs
888 4155 1027 4226 prouincie
1046 4157 1074 4207 A
1092 4155 1282 4224 prouintiasp'

118 4244 154 4297 21
176 4242 258 4312 irent]
278 4246 424 4312 pergerent
441 4243 476 4295 M
549 4241 750 4294 circumcisione
769 4241 797 4294 P
871 4243 905 4294 22
924 4241 998 4295 iisd
1068 4240 1224 4295 huiusmodi
1240 4241 1275 4294 N

119 4335 158 4388 23
177 4331 274 4401 rnultc]
295 4348 376 4400 supra
395 4330 500 4401 PDMp
573 4330 718 4384 manifesta
737 4335 834 4398 suntp
