<?xml version="1.0" encoding="UTF-8"?>
<!DOCTYPE html PUBLIC "-//W3C//DTD XHTML 1.0 Transitional//EN"
    "http://www.w3.org/TR/xhtml1/DTD/xhtml1-transitional.dtd">
<html xmlns="http://www.w3.org/1999/xhtml" xml:lang="en" lang="en">
 <head>
  <title>
</title>
<meta http-equiv="Content-Type" content="text/html;charset=utf-8" />
  <meta name='ocr-system' content='tesseract 3.04.00' />
  <meta name='ocr-capabilities' content='ocr_page ocr_carea ocr_par ocr_line ocrx_word'/>
</head>
<body>
  <div class='ocr_page' id='page_1' title='image "./corpusscriptoru18wiengoog_0462.png"; bbox 0 0 3109 4959; ppageno 0'>
   <div class='ocr_carea' id='block_1_1' title="bbox 267 438 1056 509">
    <p class='ocr_par' dir='ltr' id='par_1_1' title="bbox 267 438 1056 509">
     <span class='ocr_line' id='line_1_1' title="bbox 267 438 1056 509; baseline -0.009 -10"><span class='ocrx_word' id='word_1_1' title='bbox 267 445 331 507; x_wconf 84' lang='lat'>402</span> <span class='ocrx_word' id='word_1_2' title='bbox 620 439 646 495; x_wconf 89' lang='lat' dir='ltr'>S.</span> <span class='ocrx_word' id='word_1_3' title='bbox 675 438 813 493; x_wconf 81' lang='lat' dir='ltr'><strong>Aureli</strong></span> <span class='ocrx_word' id='word_1_4' title='bbox 841 439 1056 509; x_wconf 80' lang='lat' dir='ltr'>Augustini</span> 
     </span>
    </p>
   </div>
   <div class='ocr_carea' id='block_1_2' title="bbox 267 635 1475 3381">
    <p class='ocr_par' dir='ltr' id='par_1_2' title="bbox 267 635 1475 3381">
     <span class='ocr_line' id='line_1_2' title="bbox 267 635 1430 719; baseline 0.001 -20"><span class='ocrx_word' id='word_1_5' title='bbox 267 636 407 699; x_wconf 90' lang='lat' dir='ltr'>uiuentis</span> <span class='ocrx_word' id='word_1_6' title='bbox 441 653 567 700; x_wconf 85' lang='lat' dir='ltr'>uxorem</span> <span class='ocrx_word' id='word_1_7' title='bbox 602 655 620 698; x_wconf 90' lang='lat' dir='ltr'>a</span> <span class='ocrx_word' id='word_1_8' title='bbox 653 635 721 699; x_wconf 91' lang='lat' dir='ltr'>uiro</span> <span class='ocrx_word' id='word_1_9' title='bbox 756 653 813 699; x_wconf 92' lang='lat' dir='ltr'>suo</span> <span class='ocrx_word' id='word_1_10' title='bbox 846 654 903 718; x_wconf 87' lang='lat' dir='ltr'>per</span> <span class='ocrx_word' id='word_1_11' title='bbox 930 635 1077 700; x_wconf 91' lang='lat' dir='ltr'>libellum</span> <span class='ocrx_word' id='word_1_12' title='bbox 1104 635 1228 719; x_wconf 81' lang='lat' dir='ltr'>repudii</span> <span class='ocrx_word' id='word_1_13' title='bbox 1254 636 1324 702; x_wconf 87' lang='lat' dir='ltr'>sine</span> <span class='ocrx_word' id='word_1_14' title='bbox 1353 637 1430 701; x_wconf 90' lang='lat' dir='ltr'>ulla</span> 
     </span>
     <span class='ocr_line' id='line_1_3' title="bbox 267 740 1431 827; baseline 0.001 -21"><span class='ocrx_word' id='word_1_15' title='bbox 267 743 409 807; x_wconf 87' lang='lat' dir='ltr'>mulieris</span> <span class='ocrx_word' id='word_1_16' title='bbox 442 742 648 808; x_wconf 86' lang='lat' dir='ltr'>fornicatione</span> <span class='ocrx_word' id='word_1_17' title='bbox 681 740 857 807; x_wconf 85' lang='lat' dir='ltr'>dimissam.</span> <span class='ocrx_word' id='word_1_18' title='bbox 899 742 976 824; x_wconf 92' lang='lat' dir='ltr'>quid</span> <span class='ocrx_word' id='word_1_19' title='bbox 1008 747 1105 827; x_wconf 84' lang='lat' dir='ltr'>ergo?</span> <span class='ocrx_word' id='word_1_20' title='bbox 1134 763 1207 808; x_wconf 88' lang='lat' dir='ltr'>eum</span> <span class='ocrx_word' id='word_1_21' title='bbox 1239 744 1361 809; x_wconf 87' lang='lat' dir='ltr'>uiderit</span> <span class='ocrx_word' id='word_1_22' title='bbox 1391 763 1431 808; x_wconf 90' lang='lat' dir='ltr'>se</span> 
     </span>
     <span class='ocr_line' id='line_1_4' title="bbox 268 847 1433 929; baseline 0.002 -17"><span class='ocrx_word' id='word_1_23' title='bbox 268 867 324 912; x_wconf 91' lang='lat' dir='ltr'>nec</span> <span class='ocrx_word' id='word_1_24' title='bbox 351 848 391 912; x_wconf 91' lang='lat' dir='ltr'>ad</span> <span class='ocrx_word' id='word_1_25' title='bbox 418 847 613 929; x_wconf 88' lang='lat' dir='ltr'>baptismum</span> <span class='ocrx_word' id='word_1_26' title='bbox 643 847 779 922; x_wconf 87' lang='lat' dir='ltr'>admitti.</span> <span class='ocrx_word' id='word_1_27' title='bbox 809 848 836 912; x_wconf 90' lang='lat' dir='ltr'>si</span> <span class='ocrx_word' id='word_1_28' title='bbox 861 848 1110 914; x_wconf 76' lang='lat' dir='ltr'>catomumenus</span> <span class='ocrx_word' id='word_1_29' title='bbox 1134 855 1193 928; x_wconf 88' lang='lat' dir='ltr'>est,</span> <span class='ocrx_word' id='word_1_30' title='bbox 1216 870 1273 916; x_wconf 88' lang='lat' dir='ltr'>nee</span> <span class='ocrx_word' id='word_1_31' title='bbox 1294 851 1433 916; x_wconf 81' lang='lat' dir='ltr'>utiliter</span> 
     </span>
     <span class='ocr_line' id='line_1_5' title="bbox 269 954 1433 1044; baseline 0.003 -26"><span class='ocrx_word' id='word_1_32' title='bbox 269 973 359 1044; x_wconf 85' lang='lat' dir='ltr'>agere</span> <span class='ocrx_word' id='word_1_33' title='bbox 383 954 619 1036; x_wconf 87' lang='lat' dir='ltr'>paenitentiam,</span> <span class='ocrx_word' id='word_1_34' title='bbox 645 955 671 1018; x_wconf 89' lang='lat' dir='ltr'>si</span> <span class='ocrx_word' id='word_1_35' title='bbox 696 954 876 1038; x_wconf 84' lang='lat' dir='ltr'>baptizatus</span> <span class='ocrx_word' id='word_1_36' title='bbox 899 955 960 1019; x_wconf 90' lang='lat' dir='ltr'>hoo</span> <span class='ocrx_word' id='word_1_37' title='bbox 983 956 1069 1032; x_wconf 86' lang='lat' dir='ltr'>lecit,</span> <span class='ocrx_word' id='word_1_38' title='bbox 1094 974 1155 1020; x_wconf 92' lang='lat' dir='ltr'>uon</span> <span class='ocrx_word' id='word_1_39' title='bbox 1178 957 1368 1040; x_wconf 85' lang='lat' dir='ltr'>corrigendo</span> <span class='ocrx_word' id='word_1_40' title='bbox 1395 961 1433 1021; x_wconf 87' lang='lat' dir='ltr'>et</span> 
     </span>
     <span class='ocr_line' id='line_1_6' title="bbox 268 1060 1430 1145; baseline 0.001 -20"><span class='ocrx_word' id='word_1_41' title='bbox 268 1060 471 1143; x_wconf 91' lang='lat' dir='ltr'>relinquendo</span> <span class='ocrx_word' id='word_1_42' title='bbox 500 1061 584 1142; x_wconf 91' lang='lat' dir='ltr'>quod</span> <span class='ocrx_word' id='word_1_43' title='bbox 612 1061 698 1138; x_wconf 84' lang='lat' dir='ltr'>lecit,</span> <span class='ocrx_word' id='word_1_44' title='bbox 728 1061 756 1126; x_wconf 90' lang='lat' dir='ltr'>ai</span> <span class='ocrx_word' id='word_1_45' title='bbox 784 1079 857 1124; x_wconf 91' lang='lat' dir='ltr'>eum</span> <span class='ocrx_word' id='word_1_46' title='bbox 886 1062 1026 1125; x_wconf 91' lang='lat' dir='ltr'>uoluerit</span> <span class='ocrx_word' id='word_1_47' title='bbox 1048 1065 1081 1126; x_wconf 86' lang='lat' dir='ltr'>et</span> <span class='ocrx_word' id='word_1_48' title='bbox 1103 1063 1244 1145; x_wconf 90' lang='lat' dir='ltr'>potuerit</span> <span class='ocrx_word' id='word_1_49' title='bbox 1265 1063 1430 1136; x_wconf 75' lang='lat' dir='ltr'>occidam,</span> 
     </span>
     <span class='ocr_line' id='line_1_7' title="bbox 269 1166 1434 1250; baseline 0.002 -18"><span class='ocrx_word' id='word_1_50' title='bbox 269 1167 361 1232; x_wconf 89' lang='lat' dir='ltr'>ouius</span> <span class='ocrx_word' id='word_1_51' title='bbox 395 1166 485 1231; x_wconf 85' lang='lat' dir='ltr'>duxit</span> <span class='ocrx_word' id='word_1_52' title='bbox 516 1185 653 1242; x_wconf 81' lang='lat' dir='ltr'>uxorem,</span> <span class='ocrx_word' id='word_1_53' title='bbox 687 1169 724 1231; x_wconf 91' lang='lat' dir='ltr'>ut</span> <span class='ocrx_word' id='word_1_54' title='bbox 755 1167 817 1231; x_wconf 89' lang='lat' dir='ltr'>hoo</span> <span class='ocrx_word' id='word_1_55' title='bbox 845 1168 951 1231; x_wconf 88' lang='lat' dir='ltr'>scelus</span> <span class='ocrx_word' id='word_1_56' title='bbox 980 1168 1033 1232; x_wconf 92' lang='lat' dir='ltr'>uel</span> <span class='ocrx_word' id='word_1_57' title='bbox 1061 1168 1251 1250; x_wconf 86' lang='lat' dir='ltr'>baptismate</span> <span class='ocrx_word' id='word_1_58' title='bbox 1278 1168 1434 1234; x_wconf 84' lang='lat' dir='ltr'>diluatur</span> 
     </span>
     <span class='ocr_line' id='line_1_8' title="bbox 269 1272 1433 1355; baseline 0.004 -19"><span class='ocrx_word' id='word_1_59' title='bbox 269 1274 323 1338; x_wconf 92' lang='lat' dir='ltr'>uel</span> <span class='ocrx_word' id='word_1_60' title='bbox 349 1272 536 1355; x_wconf 85' lang='lat' dir='ltr'>paenitendo</span> <span class='ocrx_word' id='word_1_61' title='bbox 562 1274 707 1337; x_wconf 89' lang='lat' dir='ltr'>soluatur</span> <span class='ocrx_word' id='word_1_62' title='bbox 730 1277 826 1354; x_wconf 92' lang='lat' dir='ltr'>atque</span> <span class='ocrx_word' id='word_1_63' title='bbox 849 1273 896 1337; x_wconf 91' lang='lat' dir='ltr'>ita</span> <span class='ocrx_word' id='word_1_64' title='bbox 919 1274 1015 1337; x_wconf 88' lang='lat' dir='ltr'>etiam</span> <span class='ocrx_word' id='word_1_65' title='bbox 1039 1274 1120 1339; x_wconf 88' lang='lat' dir='ltr'>illud</span> <span class='ocrx_word' id='word_1_66' title='bbox 1144 1274 1338 1339; x_wconf 74' lang='lat' dir='ltr'>adulterium</span> <span class='ocrx_word' id='word_1_67' title='bbox 1364 1296 1433 1341; x_wconf 89' lang='lat' dir='ltr'>non</span> 
     </span>
     <span class='ocr_line' id='line_1_9' title="bbox 269 1379 1433 1462; baseline 0.003 -19"><span class='ocrx_word' id='word_1_68' title='bbox 269 1382 451 1462; x_wconf 88' lang='lat' dir='ltr'>parmaneat</span> <span class='ocrx_word' id='word_1_69' title='bbox 488 1383 641 1444; x_wconf 89' lang='lat' dir='ltr'>euacuata</span> <span class='ocrx_word' id='word_1_70' title='bbox 672 1380 806 1444; x_wconf 90' lang='lat' dir='ltr'>muliere</span> <span class='ocrx_word' id='word_1_71' title='bbox 840 1398 858 1443; x_wconf 92' lang='lat' dir='ltr'>a</span> <span class='ocrx_word' id='word_1_72' title='bbox 889 1379 960 1462; x_wconf 82' lang='lat' dir='ltr'>lege</span> <span class='ocrx_word' id='word_1_73' title='bbox 988 1380 1050 1444; x_wconf 92' lang='lat' dir='ltr'>uiri</span> <span class='ocrx_word' id='word_1_74' title='bbox 1085 1383 1159 1462; x_wconf 89' lang='lat' dir='ltr'>post</span> <span class='ocrx_word' id='word_1_75' title='bbox 1186 1385 1321 1446; x_wconf 86' lang='lat' dir='ltr'>mortem</span> <span class='ocrx_word' id='word_1_76' title='bbox 1352 1383 1433 1448; x_wconf 88' lang='lat' dir='ltr'>uiri.</span> 
     </span>
     <span class='ocr_line' id='line_1_10' title="bbox 270 1486 1433 1569; baseline 0.003 -19"><span class='ocrx_word' id='word_1_77' title='bbox 270 1487 326 1551; x_wconf 91' lang='lat' dir='ltr'>sed</span> <span class='ocrx_word' id='word_1_78' title='bbox 355 1487 391 1550; x_wconf 88' lang='lat' dir='ltr'>de</span> <span class='ocrx_word' id='word_1_79' title='bbox 420 1490 579 1551; x_wconf 88' lang='lat' dir='ltr'>transacto</span> <span class='ocrx_word' id='word_1_80' title='bbox 609 1486 694 1569; x_wconf 92' lang='lat' dir='ltr'>quod</span> <span class='ocrx_word' id='word_1_81' title='bbox 717 1487 839 1550; x_wconf 86' lang='lat' dir='ltr'>factum</span> <span class='ocrx_word' id='word_1_82' title='bbox 863 1489 913 1551; x_wconf 90' lang='lat' dir='ltr'>ast</span> <span class='ocrx_word' id='word_1_83' title='bbox 934 1504 991 1568; x_wconf 90' lang='lat' dir='ltr'>par</span> <span class='ocrx_word' id='word_1_84' title='bbox 1011 1486 1240 1568; x_wconf 86' lang='lat' dir='ltr'>paenitentiam</span> <span class='ocrx_word' id='word_1_85' title='bbox 1263 1488 1346 1552; x_wconf 90' lang='lat' dir='ltr'>satia</span> <span class='ocrx_word' id='word_1_86' title='bbox 1371 1489 1433 1554; x_wconf 87' lang='lat' dir='ltr'>fiat</span> 
     </span>
     <span class='ocr_line' id='line_1_11' title="bbox 270 1591 1475 1677; baseline -0.002 -19"><span class='ocrx_word' id='word_1_87' title='bbox 270 1595 321 1658; x_wconf 92' lang='lat' dir='ltr'>uel</span> <span class='ocrx_word' id='word_1_88' title='bbox 349 1593 584 1677; x_wconf 81' lang='lat' dir='ltr'>regeneratione</span> <span class='ocrx_word' id='word_1_89' title='bbox 612 1591 768 1660; x_wconf 84' lang='lat' dir='ltr'>deleatur:</span> <span class='ocrx_word' id='word_1_90' title='bbox 798 1592 953 1675; x_wconf 90' lang='lat' dir='ltr'>numquid</span> <span class='ocrx_word' id='word_1_91' title='bbox 979 1595 1146 1676; x_wconf 90' lang='lat' dir='ltr'>propterea</span> <span class='ocrx_word' id='word_1_92' title='bbox 1172 1596 1222 1659; x_wconf 90' lang='lat' dir='ltr'>ost</span> <span class='ocrx_word' id='word_1_93' title='bbox 1244 1595 1433 1659; x_wconf 87' lang='lat' dir='ltr'>accusanda</span> <span class='ocrx_word' id='word_1_94' title='bbox 1450 1621 1475 1656; x_wconf 72' lang='lat' dir='ltr'>aa</span> 
     </span>
     <span class='ocr_line' id='line_1_12' title="bbox 270 1698 1432 1782; baseline 0.003 -20"><span class='ocrx_word' id='word_1_95' title='bbox 270 1701 319 1764; x_wconf 84' lang='lat' dir='ltr'>lex</span> <span class='ocrx_word' id='word_1_96' title='bbox 348 1699 475 1778; x_wconf 82' lang='lat' dir='ltr'>Christi,</span> <span class='ocrx_word' id='word_1_97' title='bbox 509 1702 672 1781; x_wconf 83' lang='lat' dir='ltr'>tamquam</span> <span class='ocrx_word' id='word_1_98' title='bbox 705 1698 882 1782; x_wconf 79' lang='lat' dir='ltr'>conpulerit</span> <span class='ocrx_word' id='word_1_99' title='bbox 908 1698 976 1762; x_wconf 88' lang='lat' dir='ltr'>fieri</span> <span class='ocrx_word' id='word_1_100' title='bbox 1003 1699 1222 1776; x_wconf 86' lang='lat' dir='ltr'>homicidium,</span> <span class='ocrx_word' id='word_1_101' title='bbox 1251 1720 1325 1764; x_wconf 88' lang='lat' dir='ltr'>eum</span> <span class='ocrx_word' id='word_1_102' title='bbox 1356 1702 1432 1766; x_wconf 88' lang='lat' dir='ltr'>aine</span> 
     </span>
     <span class='ocr_line' id='line_1_13' title="bbox 271 1805 1431 1888; baseline 0.001 -18"><span class='ocrx_word' id='word_1_103' title='bbox 271 1806 399 1884; x_wconf 81' lang='lat' dir='ltr'>erimine</span> <span class='ocrx_word' id='word_1_104' title='bbox 422 1805 639 1871; x_wconf 84' lang='lat' dir='ltr'>lomioationis</span> <span class='ocrx_word' id='word_1_105' title='bbox 662 1805 860 1888; x_wconf 88' lang='lat' dir='ltr'>repudiatam</span> <span class='ocrx_word' id='word_1_106' title='bbox 885 1805 998 1869; x_wconf 87' lang='lat' dir='ltr'>ducere</span> <span class='ocrx_word' id='word_1_107' title='bbox 1018 1805 1097 1869; x_wconf 89' lang='lat' dir='ltr'>dicit</span> <span class='ocrx_word' id='word_1_108' title='bbox 1115 1825 1186 1871; x_wconf 90' lang='lat' dir='ltr'>esse</span> <span class='ocrx_word' id='word_1_109' title='bbox 1205 1807 1431 1872; x_wconf 79' lang='lat' dir='ltr'>adulterium?</span> 
     </span>
     <span class='ocr_line' id='line_1_14' title="bbox 317 1911 1431 1994; baseline 0.001 -17"><span class='ocrx_word' id='word_1_110' title='bbox 317 1914 369 1979; x_wconf 88' lang='lat'>17.</span> <span class='ocrx_word' id='word_1_111' title='bbox 397 1911 460 1976; x_wconf 92' lang='lat' dir='ltr'>Hic</span> <span class='ocrx_word' id='word_1_112' title='bbox 488 1911 581 1989; x_wconf 89' lang='lat' dir='ltr'>euim,</span> <span class='ocrx_word' id='word_1_113' title='bbox 606 1913 634 1974; x_wconf 89' lang='lat' dir='ltr'>si</span> <span class='ocrx_word' id='word_1_114' title='bbox 657 1931 767 1994; x_wconf 88' lang='lat' dir='ltr'>pamm</span> <span class='ocrx_word' id='word_1_115' title='bbox 792 1911 869 1994; x_wconf 90' lang='lat' dir='ltr'>quid</span> <span class='ocrx_word' id='word_1_116' title='bbox 891 1911 1061 1992; x_wconf 92' lang='lat' dir='ltr'>loquamur</span> <span class='ocrx_word' id='word_1_117' title='bbox 1082 1912 1293 1986; x_wconf 84' lang='lat' dir='ltr'>adtendimus,</span> <span class='ocrx_word' id='word_1_118' title='bbox 1317 1915 1431 1978; x_wconf 86' lang='lat' dir='ltr'>multo</span> 
     </span>
     <span class='ocr_line' id='line_1_15' title="bbox 271 2017 1430 2104; baseline 0 -20"><span class='ocrx_word' id='word_1_119' title='bbox 271 2019 416 2104; x_wconf 83' lang='lat' dir='ltr'>grauiora</span> <span class='ocrx_word' id='word_1_120' title='bbox 448 2017 509 2082; x_wconf 89' lang='lat' dir='ltr'>diei</span> <span class='ocrx_word' id='word_1_121' title='bbox 542 2023 677 2100; x_wconf 89' lang='lat' dir='ltr'>possunt</span> <span class='ocrx_word' id='word_1_122' title='bbox 709 2037 803 2101; x_wconf 90' lang='lat' dir='ltr'>quam</span> <span class='ocrx_word' id='word_1_123' title='bbox 832 2019 901 2099; x_wconf 91' lang='lat' dir='ltr'>ipse</span> <span class='ocrx_word' id='word_1_124' title='bbox 930 2017 1046 2082; x_wconf 85' lang='lat' dir='ltr'>dixisti.</span> <span class='ocrx_word' id='word_1_125' title='bbox 1089 2036 1162 2082; x_wconf 90' lang='lat' dir='ltr'>nam</span> <span class='ocrx_word' id='word_1_126' title='bbox 1190 2023 1226 2083; x_wconf 89' lang='lat' dir='ltr'>tu</span> <span class='ocrx_word' id='word_1_127' title='bbox 1254 2019 1331 2082; x_wconf 89' lang='lat' dir='ltr'>dom</span> <span class='ocrx_word' id='word_1_128' title='bbox 1364 2040 1430 2085; x_wconf 91' lang='lat' dir='ltr'>non</span> 
     </span>
     <span class='ocr_line' id='line_1_16' title="bbox 271 2123 1474 2202; baseline -0.003 -12"><span class='ocrx_word' id='word_1_129' title='bbox 271 2128 321 2190; x_wconf 91' lang='lat' dir='ltr'>uis</span> <span class='ocrx_word' id='word_1_130' title='bbox 355 2144 425 2190; x_wconf 90' lang='lat' dir='ltr'>essa</span> <span class='ocrx_word' id='word_1_131' title='bbox 458 2123 621 2202; x_wconf 88' lang='lat' dir='ltr'>adulteria,</span> <span class='ocrx_word' id='word_1_132' title='bbox 652 2125 680 2188; x_wconf 90' lang='lat' dir='ltr'>si</span> <span class='ocrx_word' id='word_1_133' title='bbox 708 2125 787 2188; x_wconf 88' lang='lat' dir='ltr'>aliae</span> <span class='ocrx_word' id='word_1_134' title='bbox 816 2124 971 2188; x_wconf 87' lang='lat' dir='ltr'>ducantur·</span> <span class='ocrx_word' id='word_1_135' title='bbox 1000 2124 1142 2189; x_wconf 89' lang='lat' dir='ltr'>dimissis</span> <span class='ocrx_word' id='word_1_136' title='bbox 1171 2125 1334 2202; x_wconf 88' lang='lat' dir='ltr'>adulteris,</span> <span class='ocrx_word' id='word_1_137' title='bbox 1365 2125 1430 2192; x_wconf 87' lang='lat' dir='ltr'>hoc</span> <span class='ocrx_word' id='word_1_138' title='bbox 1450 2152 1474 2192; x_wconf 69' lang='lat' dir='ltr'>rs</span> 
     </span>
     <span class='ocr_line' id='line_1_17' title="bbox 271 2231 1429 2312; baseline 0.003 -15"><span class='ocrx_word' id='word_1_139' title='bbox 271 2232 442 2297; x_wconf 90' lang='lat' dir='ltr'>inuenisti:</span> <span class='ocrx_word' id='word_1_140' title='bbox 476 2231 674 2312; x_wconf 88' lang='lat' dir='ltr'>‘quoniam</span> <span class='ocrx_word' id='word_1_141' title='bbox 717 2231 751 2294; x_wconf 92' lang='lat' dir='ltr'>si</span> <span class='ocrx_word' id='word_1_142' title='bbox 791 2231 888 2295; x_wconf 85' lang='lat' dir='ltr'>liaeo</span> <span class='ocrx_word' id='word_1_143' title='bbox 931 2231 1142 2296; x_wconf 89' lang='lat' dir='ltr'>adulteria</span> <span class='ocrx_word' id='word_1_144' title='bbox 1187 2231 1429 2301; x_wconf 75' lang='lat' dir='ltr'>dixerimus,</span> 
     </span>
     <span class='ocr_line' id='line_1_18' title="bbox 272 2336 1430 2424; baseline -0.002 -20"><span class='ocrx_word' id='word_1_145' title='bbox 272 2341 470 2424; x_wconf 86' lang='lat' dir='ltr'>cogentur</span> <span class='ocrx_word' id='word_1_146' title='bbox 503 2337 641 2401; x_wconf 90' lang='lat' dir='ltr'>mariti</span> <span class='ocrx_word' id='word_1_147' title='bbox 670 2336 860 2402; x_wconf 90' lang='lat' dir='ltr'>occidere</span> <span class='ocrx_word' id='word_1_148' title='bbox 889 2337 1110 2415; x_wconf 87' lang='lat' dir='ltr'>adulteras,</span> <span class='ocrx_word' id='word_1_149' title='bbox 1140 2357 1304 2420; x_wconf 89' lang='lat' dir='ltr'>quarum</span> <span class='ocrx_word' id='word_1_150' title='bbox 1334 2339 1430 2402; x_wconf 91' lang='lat' dir='ltr'>uita</span> 
     </span>
     <span class='ocr_line' id='line_1_19' title="bbox 271 2443 1429 2529; baseline 0.001 -20"><span class='ocrx_word' id='word_1_151' title='bbox 271 2445 540 2529; x_wconf 89' lang='lat' dir='ltr'>inpediuntur</span> <span class='ocrx_word' id='word_1_152' title='bbox 563 2443 717 2508; x_wconf 88' lang='lat' dir='ltr'>alteras</span> <span class='ocrx_word' id='word_1_153' title='bbox 743 2443 911 2508; x_wconf 90' lang='lat' dir='ltr'>ducere‘.</span> <span class='ocrx_word' id='word_1_154' title='bbox 937 2446 1043 2527; x_wconf 84' lang='lat' dir='ltr'>atque,</span> <span class='ocrx_word' id='word_1_155' title='bbox 1062 2447 1101 2509; x_wconf 92' lang='lat' dir='ltr'>ut</span> <span class='ocrx_word' id='word_1_156' title='bbox 1122 2444 1183 2509; x_wconf 92' lang='lat' dir='ltr'>hoc</span> <span class='ocrx_word' id='word_1_157' title='bbox 1207 2462 1429 2527; x_wconf 82' lang='lat' dir='ltr'>exaggerares.</span> 
     </span>
     <span class='ocr_line' id='line_1_20' title="bbox 274 2551 1430 2633; baseline -0.001 -17"><span class='ocrx_word' id='word_1_158' title='bbox 274 2552 394 2618; x_wconf 81' lang='lat' dir='ltr'>dixisti:</span> <span class='ocrx_word' id='word_1_159' title='bbox 422 2553 506 2616; x_wconf 83' lang='lat' dir='ltr'>‘non</span> <span class='ocrx_word' id='word_1_160' title='bbox 539 2551 638 2615; x_wconf 83' lang='lat' dir='ltr'>milri</span> <span class='ocrx_word' id='word_1_161' title='bbox 671 2551 847 2628; x_wconf 89' lang='lat' dir='ltr'>uidetur,</span> <span class='ocrx_word' id='word_1_162' title='bbox 881 2551 1164 2616; x_wconf 88' lang='lat' dir='ltr'>amantissime</span> <span class='ocrx_word' id='word_1_163' title='bbox 1198 2555 1323 2633; x_wconf 89' lang='lat' dir='ltr'>pater,</span> <span class='ocrx_word' id='word_1_164' title='bbox 1360 2551 1430 2615; x_wconf 84' lang='lat' dir='ltr'>hie</span> 
     </span>
     <span class='ocr_line' id='line_1_21' title="bbox 274 2656 1474 2740; baseline 0.001 -18"><span class='ocrx_word' id='word_1_165' title='bbox 274 2659 442 2723; x_wconf 87' lang='lat' dir='ltr'>diuinus</span> <span class='ocrx_word' id='word_1_166' title='bbox 472 2676 560 2722; x_wconf 88' lang='lat' dir='ltr'>esse</span> <span class='ocrx_word' id='word_1_167' title='bbox 590 2676 745 2732; x_wconf 85' lang='lat' dir='ltr'>seusus,</span> <span class='ocrx_word' id='word_1_168' title='bbox 774 2656 844 2721; x_wconf 92' lang='lat' dir='ltr'>ubi</span> <span class='ocrx_word' id='word_1_169' title='bbox 870 2657 1110 2740; x_wconf 88' lang='lat' dir='ltr'>benignitas</span> <span class='ocrx_word' id='word_1_170' title='bbox 1140 2661 1179 2722; x_wconf 91' lang='lat' dir='ltr'>et</span> <span class='ocrx_word' id='word_1_171' title='bbox 1206 2657 1343 2740; x_wconf 89' lang='lat' dir='ltr'>pietas</span> <span class='ocrx_word' id='word_1_172' title='bbox 1369 2675 1474 2723; x_wconf 72' lang='lat' dir='ltr'>‹rx-so</span> 
     </span>
     <span class='ocr_line' id='line_1_22' title="bbox 274 2763 1429 2847; baseline -0.001 -18"><span class='ocrx_word' id='word_1_173' title='bbox 274 2764 477 2831; x_wconf 88' lang='lat' dir='ltr'>cluditur&#39;.</span> <span class='ocrx_word' id='word_1_174' title='bbox 512 2764 539 2829; x_wconf 90' lang='lat' dir='ltr'>ai</span> <span class='ocrx_word' id='word_1_175' title='bbox 563 2783 636 2847; x_wconf 87' lang='lat' dir='ltr'>ergo</span> <span class='ocrx_word' id='word_1_176' title='bbox 661 2763 820 2847; x_wconf 89' lang='lat' dir='ltr'>quispiam</span> <span class='ocrx_word' id='word_1_177' title='bbox 843 2764 953 2828; x_wconf 90' lang='lat' dir='ltr'>nolens</span> <span class='ocrx_word' id='word_1_178' title='bbox 977 2763 1102 2827; x_wconf 88' lang='lat' dir='ltr'>credere</span> <span class='ocrx_word' id='word_1_179' title='bbox 1126 2783 1196 2828; x_wconf 87' lang='lat' dir='ltr'>ease</span> <span class='ocrx_word' id='word_1_180' title='bbox 1220 2763 1429 2828; x_wconf 86' lang='lat' dir='ltr'>adulterium.</span> 
     </span>
     <span class='ocr_line' id='line_1_23' title="bbox 273 2869 1429 2955; baseline -0.001 -20"><span class='ocrx_word' id='word_1_181' title='bbox 273 2871 397 2955; x_wconf 90' lang='lat' dir='ltr'>quando</span> <span class='ocrx_word' id='word_1_182' title='bbox 421 2890 439 2934; x_wconf 89' lang='lat' dir='ltr'>a</span> <span class='ocrx_word' id='word_1_183' title='bbox 462 2869 575 2936; x_wconf 85' lang='lat' dir='ltr'>marito</span> <span class='ocrx_word' id='word_1_184' title='bbox 600 2871 666 2934; x_wconf 89' lang='lat' dir='ltr'>sine</span> <span class='ocrx_word' id='word_1_185' title='bbox 691 2870 907 2936; x_wconf 80' lang='lat' dir='ltr'>fornicationis</span> <span class='ocrx_word' id='word_1_186' title='bbox 931 2869 1062 2935; x_wconf 85' lang='lat' dir='ltr'>crimine</span> <span class='ocrx_word' id='word_1_187' title='bbox 1081 2870 1249 2953; x_wconf 89' lang='lat' dir='ltr'>repudiata</span> <span class='ocrx_word' id='word_1_188' title='bbox 1266 2869 1305 2933; x_wconf 91' lang='lat' dir='ltr'>ab</span> <span class='ocrx_word' id='word_1_189' title='bbox 1324 2871 1429 2934; x_wconf 87' lang='lat' dir='ltr'>altero</span> 
     </span>
     <span class='ocr_line' id='line_1_24' title="bbox 274 2975 1431 3060; baseline -0.003 -18"><span class='ocrx_word' id='word_1_190' title='bbox 274 2978 411 3060; x_wconf 86' lang='lat' dir='ltr'>ducitur,</span> <span class='ocrx_word' id='word_1_191' title='bbox 441 2980 473 3041; x_wconf 90' lang='lat' dir='ltr'>et</span> <span class='ocrx_word' id='word_1_192' title='bbox 499 2977 559 3042; x_wconf 87' lang='lat' dir='ltr'>hoo</span> <span class='ocrx_word' id='word_1_193' title='bbox 584 2980 691 3043; x_wconf 90' lang='lat' dir='ltr'>contra</span> <span class='ocrx_word' id='word_1_194' title='bbox 714 2979 745 3040; x_wconf 89' lang='lat' dir='ltr'>te</span> <span class='ocrx_word' id='word_1_195' title='bbox 769 2977 920 3049; x_wconf 87' lang='lat' dir='ltr'>inueniat,</span> <span class='ocrx_word' id='word_1_196' title='bbox 946 2977 1021 3059; x_wconf 92' lang='lat' dir='ltr'>quia</span> <span class='ocrx_word' id='word_1_197' title='bbox 1041 2975 1106 3041; x_wconf 88' lang='lat' dir='ltr'>ista</span> <span class='ocrx_word' id='word_1_198' title='bbox 1126 2977 1250 3041; x_wconf 90' lang='lat' dir='ltr'>ratione</span> <span class='ocrx_word' id='word_1_199' title='bbox 1274 2976 1431 3040; x_wconf 82' lang='lat' dir='ltr'>suadetur</span> 
     </span>
     <span class='ocr_line' id='line_1_25' title="bbox 272 3082 1430 3166; baseline -0.003 -16"><span class='ocrx_word' id='word_1_200' title='bbox 272 3084 455 3150; x_wconf 89' lang='lat' dir='ltr'>hominibus</span> <span class='ocrx_word' id='word_1_201' title='bbox 475 3083 646 3149; x_wconf 88' lang='lat' dir='ltr'>homicidia</span> <span class='ocrx_word' id='word_1_202' title='bbox 659 3085 838 3165; x_wconf 87' lang='lat' dir='ltr'>perpetrare</span> <span class='ocrx_word' id='word_1_203' title='bbox 854 3086 885 3147; x_wconf 90' lang='lat' dir='ltr'>et</span> <span class='ocrx_word' id='word_1_204' title='bbox 900 3101 1006 3147; x_wconf 88' lang='lat' dir='ltr'>aarum</span> <span class='ocrx_word' id='word_1_205' title='bbox 1027 3083 1169 3160; x_wconf 88' lang='lat' dir='ltr'>maritos,</span> <span class='ocrx_word' id='word_1_206' title='bbox 1185 3102 1264 3166; x_wconf 87' lang='lat' dir='ltr'>quas</span> <span class='ocrx_word' id='word_1_207' title='bbox 1279 3082 1430 3147; x_wconf 93' lang='lat' dir='ltr'>eomodo</span> 
     </span>
     <span class='ocr_line' id='line_1_26' title="bbox 273 3188 1471 3274; baseline 0.001 -19"><span class='ocrx_word' id='word_1_208' title='bbox 273 3191 454 3274; x_wconf 88' lang='lat' dir='ltr'>repudiatas</span> <span class='ocrx_word' id='word_1_209' title='bbox 484 3191 635 3267; x_wconf 83' lang='lat' dir='ltr'>duxerint,</span> <span class='ocrx_word' id='word_1_210' title='bbox 660 3190 713 3254; x_wconf 89' lang='lat' dir='ltr'>uel</span> <span class='ocrx_word' id='word_1_211' title='bbox 735 3189 872 3266; x_wconf 84' lang='lat' dir='ltr'>insidiis,</span> <span class='ocrx_word' id='word_1_212' title='bbox 896 3188 1013 3271; x_wconf 89' lang='lat' dir='ltr'>quibus</span> <span class='ocrx_word' id='word_1_213' title='bbox 1035 3190 1207 3271; x_wconf 89' lang='lat' dir='ltr'>potuerint,</span> <span class='ocrx_word' id='word_1_214' title='bbox 1233 3191 1287 3254; x_wconf 88' lang='lat' dir='ltr'>uel</span> <span class='ocrx_word' id='word_1_215' title='bbox 1305 3189 1428 3254; x_wconf 90' lang='lat' dir='ltr'>calum-</span> <span class='ocrx_word' id='word_1_216' title='bbox 1446 3221 1471 3256; x_wconf 62' lang='grc' dir='ltr'>ιε</span> 
     </span>
     <span class='ocr_line' id='line_1_27' title="bbox 274 3296 1429 3381; baseline -0.002 -19"><span class='ocrx_word' id='word_1_217' title='bbox 274 3299 336 3363; x_wconf 88' lang='lat' dir='ltr'>uiis</span> <span class='ocrx_word' id='word_1_218' title='bbox 361 3297 507 3381; x_wconf 91' lang='lat' dir='ltr'>adpetere</span> <span class='ocrx_word' id='word_1_219' title='bbox 531 3299 584 3362; x_wconf 90' lang='lat' dir='ltr'>uel</span> <span class='ocrx_word' id='word_1_220' title='bbox 608 3297 766 3378; x_wconf 90' lang='lat' dir='ltr'>aliquibus</span> <span class='ocrx_word' id='word_1_221' title='bbox 791 3297 877 3360; x_wconf 87' lang='lat' dir='ltr'>ueris</span> <span class='ocrx_word' id='word_1_222' title='bbox 901 3296 1086 3360; x_wconf 85' lang='lat' dir='ltr'>criminibus</span> <span class='ocrx_word' id='word_1_223' title='bbox 1116 3314 1264 3361; x_wconf 89' lang='lat' dir='ltr'>accusare</span> <span class='ocrx_word' id='word_1_224' title='bbox 1289 3299 1321 3360; x_wconf 90' lang='lat' dir='ltr'>et</span> <span class='ocrx_word' id='word_1_225' title='bbox 1345 3297 1429 3360; x_wconf 88' lang='lat' dir='ltr'>occi·</span> 
     </span>
    </p>
   </div>
   <div class='ocr_carea' id='block_1_3' title="bbox 367 3505 537 3560">
    <p class='ocr_par' dir='ltr' id='par_1_3' title="bbox 367 3505 537 3560">
     <span class='ocr_line' id='line_1_28' title="bbox 367 3505 537 3560; baseline -0.012 0"><span class='ocrx_word' id='word_1_226' title='bbox 367 3507 399 3560; x_wconf 89' lang='lat'>16</span> <span class='ocrx_word' id='word_1_227' title='bbox 419 3505 537 3559; x_wconf 88' lang='lat' dir='ltr'>Polleut.</span> 
     </span>
    </p>
   </div>
   <div class='ocr_carea' id='block_1_4' title="bbox 276 3626 1431 4402">
    <p class='ocr_par' dir='ltr' id='par_1_4' title="bbox 276 3626 1431 4402">
     <span class='ocr_line' id='line_1_29' title="bbox 311 3626 1431 3682; baseline -0.001 0"><span class='ocrx_word' id='word_1_228' title='bbox 311 3627 448 3682; x_wconf 68' lang='lat' dir='ltr'>tuideris</span> <span class='ocrx_word' id='word_1_229' title='bbox 467 3626 503 3680; x_wconf 82' lang='lat' dir='ltr'><em>M</em></span> <span class='ocrx_word' id='word_1_230' title='bbox 582 3632 605 3682; x_wconf 88' lang='lat' dir='ltr'>ai</span> <span class='ocrx_word' id='word_1_231' title='bbox 629 3627 655 3681; x_wconf 84' lang='lat' dir='ltr'><em>T</em></span> <span class='ocrx_word' id='word_1_232' title='bbox 671 3643 729 3682; x_wconf 86' lang='lat' dir='ltr'>esse</span> <span class='ocrx_word' id='word_1_233' title='bbox 747 3627 787 3681; x_wconf 84' lang='grc' dir='ltr'><em>Μ</em></span> <span class='ocrx_word' id='word_1_234' title='bbox 874 3627 1114 3681; x_wconf 74' lang='lat' dir='ltr'>dcathecuminus</span> <span class='ocrx_word' id='word_1_235' title='bbox 1132 3627 1160 3680; x_wconf 89' lang='lat' dir='ltr'><em>B</em></span> <span class='ocrx_word' id='word_1_236' title='bbox 1179 3627 1379 3681; x_wconf 83' lang='lat' dir='ltr'>eathisumirrus</span> <span class='ocrx_word' id='word_1_237' title='bbox 1397 3628 1431 3681; x_wconf 80' lang='lat' dir='ltr'><em>E</em></span> 
     </span>
     <span class='ocr_line' id='line_1_30' title="bbox 277 3715 1428 3786; baseline 0 -16"><span class='ocrx_word' id='word_1_238' title='bbox 277 3720 319 3770; x_wconf 88' lang='lat' dir='ltr'>est</span> <span class='ocrx_word' id='word_1_239' title='bbox 338 3733 389 3770; x_wconf 86' lang='lat' dir='ltr'>om.</span> <span class='ocrx_word' id='word_1_240' title='bbox 413 3715 502 3771; x_wconf 76' lang='lat' dir='ltr'>racd</span> <span class='ocrx_word' id='word_1_241' title='bbox 521 3719 564 3784; x_wconf 71' lang='lat' dir='ltr'>cal</span> <span class='ocrx_word' id='word_1_242' title='bbox 582 3716 614 3769; x_wconf 89' lang='lat' dir='ltr'><em>N</em></span> <span class='ocrx_word' id='word_1_243' title='bbox 674 3716 806 3771; x_wconf 74' lang='lat' dir='ltr'>disserit</span> <span class='ocrx_word' id='word_1_244' title='bbox 825 3720 865 3781; x_wconf 84' lang='lat' dir='ltr'>(er</span> <span class='ocrx_word' id='word_1_245' title='bbox 882 3732 905 3770; x_wconf 87' lang='lat' dir='ltr'>s.</span> <span class='ocrx_word' id='word_1_246' title='bbox 924 3716 953 3786; x_wconf 82' lang='lat' dir='ltr'>t.)</span> <span class='ocrx_word' id='word_1_247' title='bbox 971 3716 1004 3770; x_wconf 89' lang='lat' dir='ltr'><strong><em>N</em></strong></span> <span class='ocrx_word' id='word_1_248' title='bbox 1065 3715 1202 3770; x_wconf 69' lang='lat' dir='ltr'>{reccidit</span> <span class='ocrx_word' id='word_1_249' title='bbox 1222 3715 1249 3770; x_wconf 84' lang='grc' dir='ltr'><em>Τ</em></span> <span class='ocrx_word' id='word_1_250' title='bbox 1306 3715 1428 3770; x_wconf 68' lang='lat' dir='ltr'>diluxe-</span> 
     </span>
     <span class='ocr_line' id='line_1_31' title="bbox 276 3801 1426 3874; baseline -0.001 -17"><span class='ocrx_word' id='word_1_251' title='bbox 276 3805 314 3857; x_wconf 91' lang='lat' dir='ltr'>rit</span> <span class='ocrx_word' id='word_1_252' title='bbox 335 3801 474 3858; x_wconf 80' lang='lat' dir='ltr'><strong><em>TVEMS</em></strong></span> <span class='ocrx_word' id='word_1_253' title='bbox 544 3805 584 3874; x_wconf 90' lang='lat' dir='ltr'>ut]</span> <span class='ocrx_word' id='word_1_254' title='bbox 605 3808 633 3858; x_wconf 87' lang='lat' dir='ltr'>et</span> <span class='ocrx_word' id='word_1_255' title='bbox 657 3804 731 3858; x_wconf 85' lang='lat' dir='ltr'>VES</span> <span class='ocrx_word' id='word_1_256' title='bbox 794 3804 952 3858; x_wconf 78' lang='lat' dir='ltr'>laaluatur</span> <span class='ocrx_word' id='word_1_257' title='bbox 973 3803 1008 3856; x_wconf 80' lang='lat' dir='ltr'>T¹</span> <span class='ocrx_word' id='word_1_258' title='bbox 1071 3804 1223 3858; x_wconf 85' lang='lat' dir='ltr'>8euacuta</span> <span class='ocrx_word' id='word_1_259' title='bbox 1244 3803 1279 3856; x_wconf 83' lang='lat' dir='ltr'>T¹</span> <span class='ocrx_word' id='word_1_260' title='bbox 1342 3803 1426 3867; x_wconf 71' lang='lat' dir='ltr'>ilde}</span> 
     </span>
     <span class='ocr_line' id='line_1_32' title="bbox 277 3891 1427 3962; baseline 0 -16"><span class='ocrx_word' id='word_1_261' title='bbox 277 3897 305 3946; x_wconf 87' lang='lat' dir='ltr'>et</span> <span class='ocrx_word' id='word_1_262' title='bbox 319 3891 370 3947; x_wconf 77' lang='lat' dir='ltr'>Es</span> <span class='ocrx_word' id='word_1_263' title='bbox 423 3893 457 3946; x_wconf 89' lang='grc'>10</span> <span class='ocrx_word' id='word_1_264' title='bbox 476 3893 649 3962; x_wconf 84' lang='lat' dir='ltr'>generatione</span> <span class='ocrx_word' id='word_1_265' title='bbox 667 3891 760 3946; x_wconf 70' lang='grc' dir='ltr'>ΤΕΝι</span> <span class='ocrx_word' id='word_1_266' title='bbox 817 3891 968 3946; x_wconf 83' lang='lat' dir='ltr'>accusanda</span> <span class='ocrx_word' id='word_1_267' title='bbox 987 3896 1029 3946; x_wconf 88' lang='lat' dir='ltr'>eat</span> <span class='ocrx_word' id='word_1_268' title='bbox 1045 3891 1156 3947; x_wconf 75' lang='lat' dir='ltr'><em>TEMS</em></span> <span class='ocrx_word' id='word_1_269' title='bbox 1171 3892 1322 3946; x_wconf 77' lang='lat' dir='ltr'>accusanda</span> <span class='ocrx_word' id='word_1_270' title='bbox 1338 3893 1427 3961; x_wconf 71' lang='lat' dir='ltr'>estlt&#39;</span> 
     </span>
     <span class='ocr_line' id='line_1_33' title="bbox 278 3979 1427 4050; baseline 0.002 -18"><span class='ocrx_word' id='word_1_271' title='bbox 278 3979 312 4034; x_wconf 84' lang='grc'>13</span> <span class='ocrx_word' id='word_1_272' title='bbox 331 3979 465 4033; x_wconf 85' lang='lat' dir='ltr'>multaT</span> <span class='ocrx_word' id='word_1_273' title='bbox 529 3981 561 4034; x_wconf 87' lang='lat'>14</span> <span class='ocrx_word' id='word_1_274' title='bbox 580 3997 658 4050; x_wconf 87' lang='lat' dir='ltr'>posse</span> <span class='ocrx_word' id='word_1_275' title='bbox 683 3980 758 4034; x_wconf 78' lang='lat' dir='ltr'>VES</span> <span class='ocrx_word' id='word_1_276' title='bbox 823 3983 855 4036; x_wconf 84' lang='lat'>15</span> <span class='ocrx_word' id='word_1_277' title='bbox 875 3979 1000 4042; x_wconf 77' lang='lat' dir='ltr'>dicentum</span> <span class='ocrx_word' id='word_1_278' title='bbox 1019 3980 1164 4045; x_wconf 79' lang='lat' dir='ltr'>(aicdd.</span> <span class='ocrx_word' id='word_1_279' title='bbox 1183 3981 1258 4043; x_wconf 89' lang='lat' dir='ltr'>u)B</span> <span class='ocrx_word' id='word_1_280' title='bbox 1325 3981 1361 4034; x_wconf 86' lang='lat'>18</span> <span class='ocrx_word' id='word_1_281' title='bbox 1380 3997 1427 4034; x_wconf 82' lang='lat' dir='ltr'>ex-</span> 
     </span>
     <span class='ocr_line' id='line_1_34' title="bbox 278 4067 1429 4138; baseline 0.001 -18"><span class='ocrx_word' id='word_1_282' title='bbox 278 4068 416 4136; x_wconf 76' lang='lat' dir='ltr'>aggersrie</span> <span class='ocrx_word' id='word_1_283' title='bbox 434 4068 476 4122; x_wconf 70' lang='lat' dir='ltr'>no</span> <span class='ocrx_word' id='word_1_284' title='bbox 568 4069 600 4122; x_wconf 89' lang='lat'>19</span> <span class='ocrx_word' id='word_1_285' title='bbox 620 4069 802 4124; x_wconf 67' lang='lat' dir='ltr'>ama-tissime</span> <span class='ocrx_word' id='word_1_286' title='bbox 820 4069 853 4123; x_wconf 87' lang='lat' dir='ltr'><strong><em>N</em></strong></span> <span class='ocrx_word' id='word_1_287' title='bbox 939 4073 1018 4138; x_wconf 87' lang='lat' dir='ltr'>pater</span> <span class='ocrx_word' id='word_1_288' title='bbox 1035 4069 1160 4122; x_wconf 90' lang='lat' dir='ltr'>omnibus</span> <span class='ocrx_word' id='word_1_289' title='bbox 1177 4069 1269 4128; x_wconf 81' lang='lat' dir='ltr'>BVE,</span> <span class='ocrx_word' id='word_1_290' title='bbox 1286 4067 1429 4137; x_wconf 81' lang='lat' dir='ltr'>(omnibus</span> 
     </span>
     <span class='ocr_line' id='line_1_35' title="bbox 277 4154 1426 4225; baseline -0.004 -15"><span class='ocrx_word' id='word_1_291' title='bbox 277 4173 338 4224; x_wconf 80' lang='lat' dir='ltr'>exp.</span> <span class='ocrx_word' id='word_1_292' title='bbox 357 4172 391 4210; x_wconf 84' lang='lat' dir='ltr'>m.</span> <span class='ocrx_word' id='word_1_293' title='bbox 412 4159 442 4224; x_wconf 80' lang='lat'>2)</span> <span class='ocrx_word' id='word_1_294' title='bbox 463 4155 495 4218; x_wconf 85' lang='lat' dir='ltr'>T,</span> <span class='ocrx_word' id='word_1_295' title='bbox 515 4155 567 4208; x_wconf 87' lang='lat' dir='ltr'>NS</span> <span class='ocrx_word' id='word_1_296' title='bbox 673 4156 715 4210; x_wconf 89' lang='lat' dir='ltr'>his</span> <span class='ocrx_word' id='word_1_297' title='bbox 740 4155 830 4211; x_wconf 84' lang='lat' dir='ltr'>VEM</span> <span class='ocrx_word' id='word_1_298' title='bbox 913 4159 945 4210; x_wconf 80' lang='lat'>21</span> <span class='ocrx_word' id='word_1_299' title='bbox 972 4157 1105 4225; x_wconf 86' lang='lat' dir='ltr'>quispiam</span> <span class='ocrx_word' id='word_1_300' title='bbox 1130 4157 1202 4224; x_wconf 89' lang='lat' dir='ltr'>(quia</span> <span class='ocrx_word' id='word_1_301' title='bbox 1224 4154 1290 4212; x_wconf 81' lang='lat' dir='ltr'>odd.</span> <span class='ocrx_word' id='word_1_302' title='bbox 1306 4170 1327 4206; x_wconf 84' lang='lat' dir='ltr'>a.</span> <span class='ocrx_word' id='word_1_303' title='bbox 1350 4155 1370 4207; x_wconf 84' lang='lat'>1.</span> <span class='ocrx_word' id='word_1_304' title='bbox 1390 4173 1426 4208; x_wconf 73' lang='grc' dir='ltr'>ιι.</span> 
     </span>
     <span class='ocr_line' id='line_1_36' title="bbox 279 4243 1428 4314; baseline -0.002 -16"><span class='ocrx_word' id='word_1_305' title='bbox 279 4245 329 4308; x_wconf 86' lang='lat' dir='ltr'>al.)</span> <span class='ocrx_word' id='word_1_306' title='bbox 350 4244 378 4298; x_wconf 91' lang='lat' dir='ltr'><em>B</em></span> <span class='ocrx_word' id='word_1_307' title='bbox 395 4245 470 4314; x_wconf 88' lang='lat' dir='ltr'>pium</span> <span class='ocrx_word' id='word_1_308' title='bbox 494 4243 518 4296; x_wconf 86' lang='grc' dir='ltr'><em>Τ</em></span> <span class='ocrx_word' id='word_1_309' title='bbox 615 4247 650 4298; x_wconf 81' lang='grc'>22</span> <span class='ocrx_word' id='word_1_310' title='bbox 669 4245 864 4300; x_wconf 84' lang='lat' dir='ltr'>lomioationes</span> <span class='ocrx_word' id='word_1_311' title='bbox 882 4245 910 4298; x_wconf 90' lang='lat' dir='ltr'><em>B</em></span> <span class='ocrx_word' id='word_1_312' title='bbox 1009 4246 1042 4299; x_wconf 80' lang='grc'>23</span> <span class='ocrx_word' id='word_1_313' title='bbox 1061 4244 1113 4298; x_wconf 85' lang='lat' dir='ltr'>hoe</span> <span class='ocrx_word' id='word_1_314' title='bbox 1129 4260 1153 4302; x_wconf 80' lang='lat' dir='ltr'>a.</span> <span class='ocrx_word' id='word_1_315' title='bbox 1172 4243 1238 4300; x_wconf 76' lang='lat' dir='ltr'>LT</span> <span class='ocrx_word' id='word_1_316' title='bbox 1321 4243 1360 4296; x_wconf 70' lang='lat'>25</span> <span class='ocrx_word' id='word_1_317' title='bbox 1380 4259 1428 4296; x_wconf 83' lang='lat' dir='ltr'>ca-</span> 
     </span>
     <span class='ocr_line' id='line_1_37' title="bbox 279 4331 447 4402; baseline 0.006 -17"><span class='ocrx_word' id='word_1_318' title='bbox 279 4331 447 4402; x_wconf 81' lang='lat' dir='ltr'>lumpniisS</span> 
     </span>
    </p>
   </div>
   <div class='ocr_carea' id='block_1_5' title="bbox 0 0 1574 4959">
    <p class='ocr_par' dir='ltr' id='par_1_5' title="bbox 0 0 1574 4959">
     <span class='ocr_line' id='line_1_38' title="bbox 0 0 1574 4959; baseline 0 0"><span class='ocrx_word' id='word_1_319' title='bbox 0 0 1574 4959; x_wconf 95' lang='lat' dir='ltr'> </span> 
     </span>
    </p>
   </div>
  </div>
 </body>
</html>
