3109 4959
270 425 335 488 392
626 421 652 476 S.
680 419 816 475 Aureli
845 419 1062 491 Augustini

271 616 335 695 rit,
360 616 607 681 moechatur.
647 615 685 678 de
709 613 825 698 quihus
849 614 1042 680 testimoniis
1066 614 1145 679 satis
1168 613 1200 678 in
1224 612 1305 678 hhro
1330 627 1421 694 supe·

270 723 351 787 riore
375 722 522 788 disserui.

316 829 355 893 X.
380 829 411 896 o.
436 827 498 894 Sed
530 828 702 912 respondes
735 826 829 894 mihi:
862 828 1135 892 ‘continenter
1163 827 1304 891 uiuere
1333 845 1421 909 pan·
1539 830 1540 891 ξ

273 954 409 1000 corum
433 937 511 1010 est;
542 939 580 1000 et
602 934 694 998 ideo
719 935 789 1017 qui
812 934 1067 999 fornicantes
1091 933 1288 1018 onningen
1312 931 1422 996 dimi·

273 1046 431 1117 serunt,
457 1041 645 1124 quoniam
669 1060 743 1107 non
766 1044 943 1124 possunt
965 1040 1246 1117 reconciliari,
1264 1042 1459 1103 tantuma
1539 1072 1540 1129 p

274 1168 314 1212 se
342 1147 579 1232 periclitari
608 1146 761 1224 uident,
790 1152 835 1212 ut
861 1151 991 1233 legem
1016 1147 1172 1213 christi
1195 1166 1271 1211 non
1294 1146 1421 1210 huma·
1539 1194 1540 1237 3

272 1274 368 1331 nam,
398 1253 467 1319 sed
494 1253 663 1318 feralem
692 1255 982 1338 pronuntient’.
1021 1275 1038 1320 o
1066 1255 1172 1332 frater,
1201 1255 1356 1334 quantum
1383 1251 1421 1315 ad

271 1361 505 1427 incontinentes
526 1360 672 1444 pertinet,
692 1363 811 1426 multas
831 1361 989 1443 querellas
1003 1361 1119 1425 habere
1138 1361 1285 1443 possunt,
1300 1357 1422 1441 quibua,

272 1471 310 1531 nt
342 1466 432 1546 dicis,
464 1465 569 1551 legem
599 1465 717 1532 Christi
751 1467 881 1532 feralem
908 1467 1123 1551 pronuntient,
1151 1484 1211 1530 non
1240 1465 1420 1528 humanam.

273 1577 306 1638 et
331 1576 437 1638 tamen
465 1593 525 1639 non
553 1567 682 1658 propter
703 1575 776 1639 illos
801 1574 1001 1658 euangelium
1027 1571 1146 1638 Christi
1167 1575 1349 1655 peruerterc
1370 1569 1419 1634 uel
1437 1587 1457 1625 u

272 1683 395 1745 mutare
419 1680 582 1760 dehemus.
611 1683 643 1745 tc
668 1679 785 1764 quippo
808 1681 877 1746 sola
898 1680 1026 1744 illorum
1051 1679 1191 1763 querella
1212 1679 1419 1760 permoneret,

274 1785 330 1868 qui
366 1787 515 1870 coniuges
555 1805 652 1851 causa
689 1785 906 1852 fornicationis
938 1786 1152 1851 intercedente
1184 1784 1363 1860 dimittunt,
1393 1782 1419 1846 si

273 1893 352 1958 alias
385 1893 499 1957 ducere
530 1913 590 1958 non
625 1891 776 1969 sinantur,
806 1892 955 1975 qnoniam
984 1892 1143 1958 continere
1170 1909 1347 1973 paucorum
1374 1893 1420 1953 est

273 2003 370 2083 atque
394 1999 432 2063 ad
455 1999 489 2063 id
513 2000 630 2064 dehent
651 1999 746 2064 lande
771 2000 940 2078 adhortari,
964 2019 1026 2064 non
1048 1999 1119 2084 lege
1143 1997 1292 2080 conpelli.
1314 1996 1419 2079 itaque

273 2107 301 2170 si
334 2106 467 2172 dimissa
498 2105 643 2171 adultera
675 2125 737 2171 non
770 2107 899 2172 ducitur
935 2106 1043 2185 altera,
1081 2106 1200 2170 iustam
1237 2103 1455 2187 querelans

274 2213 359 2277 siout
377 2216 481 2294 putas,
500 2213 630 2278 habehit
648 2213 813 2278 hominum
832 2212 1068 2277 incontinentia.
1093 2211 1149 2276 sed
1163 2209 1308 2289 adtende,
1329 2228 1417 2292 qnam

271 2320 364 2401 plura
387 2319 459 2398 sint,
485 2319 551 2398 uhi,
576 2319 603 2384 si
628 2320 784 2402 querellas
803 2317 1066 2384 incontinentium
1085 2318 1223 2383 uelimus
1243 2317 1417 2392 admittere,

274 2444 403 2490 necesse
427 2425 517 2490 nohis
537 2425 596 2490 erit
614 2425 770 2490 adulteria
789 2424 933 2490 iacienda
949 2424 1143 2507 permittere.
1167 2423 1267 2505 quid?
1292 2423 1321 2487 si
1341 2423 1417 2486 enim

274 2530 380 2614 aliquo
410 2532 557 2596 diuturno
586 2534 618 2596 et
645 2529 812 2598 insanabili
836 2531 945 2596 morbo
969 2530 1109 2613 corporis
1132 2532 1279 2594 teneatur
1301 2528 1418 2605 conior,

275 2656 337 2720 quo
368 2637 555 2702 concubitus
579 2637 761 2720 inpeditur?
795 2636 892 2718 quid?
920 2637 948 2700 si
972 2635 1143 2718 captiuitas
1167 2635 1220 2699 uel
1243 2633 1296 2698 uis
1320 2635 1454 2716 aliquae

275 2747 409 2826 separet,
436 2744 482 2809 ita
509 2748 544 2808 ut
573 2745 654 2808 sciat
675 2743 787 2808 uiuere
810 2742 944 2808 maritus
967 2761 1107 2818 uxorem,
1132 2741 1224 2805 cuins
1248 2741 1312 2805 sihi
1335 2740 1419 2822 copia

276 2849 457 2934 denegatur,
491 2869 642 2915 censesne
675 2850 872 2915 admittenda
902 2848 1166 2915 incontinentium
1203 2866 1366 2912 murmura
1390 2849 1419 2909 et

274 2955 486 3038 permittenda
517 2956 692 3021 adulteria?
735 2956 812 3040 qnid
844 2956 875 3021 in
902 2956 964 3021 hoc
990 2956 1072 3038 ipso,
1100 2953 1183 3020 unde
1211 2954 1418 3038 interrogatus

276 3067 325 3128 cst
348 3061 495 3128 dominus
523 3064 748 3148 responditque
771 3063 840 3128 fieri
861 3082 922 3128 non
947 3062 1071 3137 dehere,
1094 3061 1152 3125 sed
1174 3060 1214 3125 ad
1245 3060 1419 3125 duritiam

367 3305 383 3358 2
403 3304 436 3361 ci.
456 3323 482 3376 p.
501 3306 554 3360 357
574 3321 632 3375 sqq.
688 3306 705 3360 3
724 3305 842 3359 Pollent.
897 3305 933 3359 24
952 3303 986 3362 cf.
1004 3305 1102 3358 Matth.
1124 3305 1165 3367 19,
1183 3303 1201 3357 8

314 3428 402 3482 liam
422 3429 488 3482 satis
507 3427 613 3482 PNlhd
684 3429 821 3498 superiore
840 3429 909 3483 libro
928 3427 956 3483 R
1010 3428 1142 3498 superiori
1160 3428 1188 3480 P
1240 3425 1420 3484 3uiuereiE

277 3519 294 3572 6
314 3517 409 3572 uident
427 3517 575 3586 periclitari
595 3517 632 3571 hd
650 3517 799 3587 periclitari
818 3518 932 3571 uideant
949 3518 986 3572 Μ
1047 3519 1064 3572 8
1084 3517 1236 3587 ῳιαετεάιε
1255 3517 1283 3569 Β
1303 3516 1418 3586 querelas

282 3605 541 3662 TVEMNRSPhd
627 3606 660 3661 10
679 3611 785 3661 uertere
807 3607 885 3662 TES—
968 3608 1000 3661 11
1020 3623 1111 3660 eorum
1130 3606 1169 3660 hd
1239 3603 1418 3675 qnaereolaB

279 3697 407 3765 quaerela
430 3696 454 3749 Τ
472 3696 580 3766 querela
603 3695 809 3751 VEMNRShd
879 3699 1021 3766 permonet
1043 3695 1211 3750 TEMNRS
1292 3696 1324 3748 12
1341 3693 1417 3747 inter·

279 3783 385 3839 oidente
405 3785 435 3838 E
487 3785 532 3854 qui
551 3785 574 3838 si
593 3784 629 3839 Μ
674 3787 706 3840 13
727 3786 781 3840 alia
803 3786 915 3840 Paliae
934 3785 1002 3838 ΕΝ1
1049 3787 1082 3840 14
1101 3789 1131 3838 at
1147 3784 1184 3838 Μ
1235 3783 1355 3837 adortari
1371 3778 1421 3834 Th'

281 3874 314 3926 15
333 3874 372 3927 sio
396 3873 471 3927 VES
529 3889 584 3927 non
603 3873 712 3928 ducitur
730 3874 817 3928 altera
836 3891 887 3928 om.
911 3873 1054 3928 VETSN¹
1098 3873 1131 3926 lc
1149 3871 1372 3927 incontinentitm
1387 3869 1417 3922 1¹

279 3960 376 4015 sedet
398 3961 485 4015 VSN¹
548 3963 580 4016 17
600 3963 713 4032 pulo-lora
731 3966 761 4030 (a.
783 3963 800 4016 l.
818 3963 908 4033 plura)
927 3962 957 4016 N
1014 3965 1078 4015 sunt
1096 3960 1178 4015 N‘hd
1230 3960 1377 4016 inconriunr
1392 3957 1419 4010 E

283 4049 315 4104 18
333 4049 424 4104 flenda
446 4050 595 4105 VEMSN¹
668 4053 739 4106 enim
758 4051 824 4108 sio
890 4053 923 4106 19
944 4049 1060 4105 sanabili
1078 4050 1109 4104 E
1177 4053 1304 4104 teneatur
1322 4065 1370 4102 oar.
1386 4045 1417 4099 u

281 4138 441 4195 coniunxlt
514 4141 546 4194 21
568 4143 686 4210 separet]
706 4144 815 4212 raperet
832 4141 860 4196 R
950 4141 1062 4194 maritus
1081 4139 1222 4194 ninereT
1292 4138 1414 4192 namu·

281 4226 364 4281 tenda
382 4227 419 4280 Β1
440 4229 620 4308 ommittenda
642 4228 718 4283 T¹B²
806 4231 841 4283 24
862 4229 962 4283 debent
985 4227 1095 4282 VEMS
1189 4227 1316 4281 duritiam
1334 4221 1414 4292 inquit

287 4315 406 4371 VEMN
