3109 4959
493 1135 591 1202 Lbet
613 1135 720 1200 LIBR.
743 1132 1145 1201 RETRACTATIONVM.

366 1279 396 1344 1.
427 1278 481 1342 De
511 1277 597 1342 fide
629 1280 667 1341 et
697 1277 881 1361 symbolo
913 1297 998 1363 pag.
1029 1278 1082 1354 30,
1117 1278 1157 1341 16
1188 1297 1271 1360 sqq.

289 1421 428 1486 serrant.
452 1420 467 1484 I
494 1420 544 1484 17.
572 1419 609 1483 In
636 1419 697 1483 hoo
719 1419 801 1484 libro
825 1437 898 1483 oum
922 1418 960 1482 de
983 1419 1212 1483 resurrectione
1234 1423 1388 1501 ageretur.

245 1529 447 1610 resurget,
489 1525 629 1608 inquam,
673 1543 819 1608 corpus
862 1524 1080 1589 seeundum
1124 1525 1388 1589 christianam

245 1633 379 1708 fidem,
409 1651 509 1715 quae
538 1631 688 1696 fallere
716 1651 791 1696 nou
819 1635 969 1714 potest.
998 1631 1100 1713 quod
1130 1631 1196 1696 cui
1225 1632 1391 1696 uidetur

245 1738 503 1816 incredibile,
533 1738 670 1821 qualis
700 1738 755 1802 sit
782 1757 886 1802 nunc
914 1756 1005 1801 caro
1034 1737 1232 1815 adtendit,
1257 1739 1391 1821 qualis

246 1847 382 1910 autem
415 1849 512 1910 tunc
544 1845 686 1910 futura
715 1846 781 1920 eit,
810 1863 884 1909 non
914 1844 1162 1921 considerat,
1191 1846 1285 1927 quia
1317 1845 1391 1909 illo

247 1957 430 2033 tempore
466 1951 771 2016 immutationis
810 1951 1022 2034 angelicae
1064 1971 1140 2016 uon
1181 1951 1258 2015 iam
1300 1971 1391 2016 caro

247 2058 327 2122 erit
360 2059 398 2122 et
431 2057 611 2141 sanguis,
644 2057 713 2122 sed
744 2059 905 2123 tantum
939 2075 1087 2140 corpus
1120 2061 1152 2123 et
1180 2062 1285 2123 cetera
1313 2077 1392 2140 quae

245 2166 291 2230 ibi
324 2166 361 2230 de
395 2185 562 2249 corporum
594 2166 793 2230 terrestrium
820 2165 852 2229 in
882 2184 1012 2248 corpora
1040 2165 1190 2230 caelestia
1218 2165 1392 2229 mutatione

248 2271 393 2350 disserui,
418 2271 569 2354 quoniam
592 2270 671 2336 dixit
693 2272 871 2354 apostolus,
891 2291 963 2336 cum
986 2271 1059 2336 inde
1081 2272 1278 2354 loqueretur:
1303 2291 1393 2337 caro

248 2382 288 2443 et
310 2379 480 2462 sanguis
503 2397 669 2462 regnum
694 2378 756 2442 dei
776 2398 850 2443 non
869 2377 1153 2460 possidebunt.
1174 2377 1231 2443 sed
1249 2379 1393 2462 quisquis

248 2505 285 2550 es
313 2487 360 2550 sic
388 2485 514 2566 accipit,
540 2488 576 2548 ut
604 2484 763 2549 existimet
789 2485 836 2549 ita
862 2503 977 2566 corpus
1000 2489 1171 2561 terrenum,
1195 2487 1289 2567 quale
1313 2505 1393 2550 nunc

248 2593 413 2668 babemus,
450 2591 482 2655 in
520 2609 635 2674 corpus
671 2593 807 2656 caeleste
843 2591 1072 2656 resurrectione
1104 2592 1231 2669 mutari,
1263 2595 1301 2657 ut
1327 2611 1392 2681 nec

249 2698 391 2763 membra
416 2698 481 2762 ista
507 2717 565 2762 neo
593 2697 695 2762 carnis
725 2698 769 2761 sit
795 2697 903 2762 lutura
931 2698 1121 2776 substantia,
1152 2700 1266 2780 procul
1298 2699 1393 2763 dubio

250 2804 453 2889 corrigendus
491 2808 551 2882 est,
586 2803 797 2869 commonitus
834 2803 872 2868 de
910 2823 1039 2886 corpore
1072 2804 1201 2882 domini,
1234 2805 1290 2887 qui
1321 2809 1395 2887 post

250 2911 510 2975 resurrectionem
543 2910 575 2974 in
604 2909 723 2974 eisdem
752 2910 902 2974 membris
930 2929 991 2974 non
1020 2910 1125 2974 solum
1153 2911 1392 2993 conspiciendus

252 3017 364 3094 oculis,
392 3035 504 3080 uerum
533 3017 628 3080 etium
656 3015 803 3080 manibus
830 3017 1013 3082 tractandus
1037 3018 1184 3100 apparuit
1206 3035 1395 3100 carnemque

252 3143 285 3188 se
306 3123 419 3187 habere
438 3122 534 3187 etiam
550 3141 693 3187 sermone
707 3123 847 3187 firmauit
862 3123 984 3188 dicens:
1003 3124 1169 3207 palpate
1188 3127 1228 3188 et
1246 3124 1394 3198 uidete,

142 3297 145 3303 ,
252 3229 346 3311 quia
369 3228 547 3311 spiritus
576 3247 736 3293 carnem
765 3234 803 3293 et
831 3249 925 3294 ossa
948 3248 1022 3294 non
1046 3230 1178 3308 habet,
1203 3230 1316 3295 sicut
1336 3247 1395 3293 me

252 3335 406 3400 uidetis
440 3334 598 3398 habere.
631 3334 713 3398 unde
742 3339 867 3399 constat
895 3336 1076 3418 apostolum
1103 3355 1165 3400 nou
1193 3337 1296 3401 earnis
1320 3335 1395 3400 sub-

252 3442 400 3507 stant-iam
425 3460 559 3525 negasse
582 3441 612 3504 iu
638 3441 688 3506 dei
711 3461 807 3526 regno
830 3443 981 3520 futuram,
1006 3442 1063 3507 sed
1086 3447 1142 3506 aut
1164 3444 1317 3520 homines,
1341 3441 1395 3524 qui

254 3548 427 3614 secundum
456 3565 578 3614 curnem
608 3549 734 3626 uiuunt,
759 3549 863 3615 carnis
887 3554 919 3614 et
942 3549 1105 3634 sauguinis
1129 3551 1255 3614 nomine
1278 3567 1396 3614 nuncu·

252 3675 344 3739 passe
368 3661 424 3720 aut
445 3655 548 3738 ipsam
573 3657 672 3720 cernis
697 3657 941 3738 corruptionem,
966 3675 1046 3739 quae
1073 3662 1150 3722 tuno
1172 3657 1285 3740 utique
1308 3655 1396 3720 nulla

254 3763 320 3827 erit.
348 3781 419 3826 num
450 3781 521 3826 cum
556 3762 701 3827 dixisset:
735 3782 826 3828 caro
861 3767 899 3828 et
931 3763 1101 3846 sanguis
1134 3783 1300 3848 reguum
1331 3762 1396 3826 dei

254 3889 325 3933 non
364 3869 647 3952 possidebunt,
680 3870 760 3935 bene
792 3870 990 3955 intellegitur
1021 3875 1184 3953 tamquam
1216 3868 1395 3953 exponendo

254 3975 328 4059 quid
354 3975 467 4039 dixerit
491 3977 639 4041 continuo
664 3977 860 4044 subdidisse:
884 3997 1012 4060 neque
1036 3978 1247 4060 corruptio
1271 3979 1395 4042 incor-

254 4084 484 4164 ruptionem
508 4083 752 4165 possidebit.
783 4085 820 4149 de
845 4104 907 4166 qua
929 4105 963 4150 re
986 4085 1026 4149 ad
1054 4085 1307 4168 persuadendum
1327 4081 1393 4148 infi-

255 4188 378 4252 delibus
415 4188 538 4253 diflicili
575 4190 751 4272 diligenter,
790 4196 942 4273 quantum
978 4192 1080 4274 potui,
1116 4211 1167 4256 me
1209 4189 1395 4256 disseruisse

254 4296 399 4377 reperiet,
425 4295 569 4377 quisquis
595 4296 638 4361 de
663 4297 839 4362 ciuitate
863 4297 913 4363 dei
936 4298 1052 4382 legerit
1074 4299 1236 4362 uolumen.
