3109 4959
298 466 361 533 198
658 462 684 516 S.
713 460 852 515 Aureli
879 460 1095 531 Augustini

342 659 373 723 8.
397 657 678 722 Honorabiles
703 675 778 741 ergo
802 656 973 739 nuptiae
996 655 1035 720 in
1060 654 1246 722 omnibus
1269 658 1310 721 et
1331 658 1449 721 torus

298 763 588 829 inmaculatus,
622 764 707 847 quod
740 782 802 829 nou
830 764 877 830 sic
906 762 1042 829 dicimus
1070 762 1200 842 bonum,
1228 762 1325 828 utin
1355 762 1449 828 forni-

298 869 432 935 cationis
466 870 688 951 conparatione
721 869 763 935 sit
794 871 927 945 bonum;
961 868 1101 952 alioquin
1134 869 1197 935 duo
1228 870 1314 935 mala
1346 872 1449 946 erunt

300 994 435 1059 quorum
459 976 594 1043 alterum
617 976 723 1061 peius;
750 979 807 1041 aut
828 976 947 1042 bonum
970 975 1030 1041 erit
1053 979 1086 1041 et
1103 975 1282 1056 lemmatis,
1301 975 1378 1058 quia
1400 978 1451 1039 est

297 1082 389 1167 peius
414 1082 605 1149 adulterium
621 1120 664 1130 —
677 1082 769 1167 psius
794 1086 845 1149 est
863 1082 947 1147 cuim
966 1082 1105 1148 alienum
1125 1082 1362 1147 matrimonium
1383 1083 1450 1147 uio·
1478 1106 1493 1144 a

297 1190 363 1255 lara
388 1208 482 1271 quam
506 1189 665 1254 meretrici
689 1189 857 1255 adhaerere
880 1222 925 1237 -—
950 1193 983 1254 ct
1005 1190 1125 1254 bonum
1148 1188 1352 1266 adulterium,
1377 1188 1452 1270 quia

300 1300 352 1361 est
373 1295 462 1378 peior
484 1295 626 1361 incestus
649 1330 694 1341 -
717 1295 808 1377 peius
832 1298 883 1361 est
905 1295 988 1361 onim
1014 1315 1086 1361 cum
1119 1300 1219 1361 matre
1251 1314 1348 1379 quam
1376 1312 1451 1359 cum

300 1403 404 1467 aliena
427 1420 521 1467 uxore
546 1402 754 1469 concumbere
773 1438 817 1449 -
836 1407 869 1468 et
892 1402 991 1469 donec
1011 1402 1051 1468 ad
1069 1421 1107 1467 ea
1124 1402 1340 1485 perueniatur,
1358 1419 1450 1484 quae,

300 1510 387 1576 sicut
412 1508 657 1593 ait'apostolus,
681 1512 801 1593 turpe
828 1512 891 1575 cst
919 1510 1042 1575 etiam
1065 1509 1213 1587 dicere,
1238 1509 1347 1574 omnia
1367 1509 1452 1573 bona

301 1619 394 1681 erunt
420 1616 452 1681 iu
480 1616 700 1699 conparatione
729 1616 884 1697 peiorum.
912 1616 973 1681 hoc
1003 1618 1110 1681 autem
1139 1615 1257 1681 falsum
1281 1634 1354 1681 esse
1378 1614 1451 1696 quis
1469 1643 1494 1681 ιο

301 1722 447 1789 dubitet?
484 1742 545 1789 non
579 1740 653 1807 ergo
687 1721 749 1787 duo
782 1724 867 1787 mala
899 1726 974 1789 suot
1005 1721 1177 1788 conubium
1210 1723 1243 1786 et
1273 1720 1453 1798 fornicatio,

301 1846 437 1914 quornm
460 1831 595 1895 alterum
618 1828 721 1911 peius,
747 1828 803 1894 sed
826 1829 888 1894 duo
912 1829 996 1895 bona
1024 1831 1100 1894 sunt
1126 1828 1300 1893 conubium
1325 1831 1358 1893 et
1381 1844 1453 1893 oon·

205 1947 206 1950 ’
300 1936 444 2015 tinentia,
473 1954 608 2019 quorum
641 1936 776 2001 alterum
810 1939 860 2001 est
892 1936 1019 2015 molius,
1054 1935 1140 2000 sicut
1170 1935 1234 2000 ista
1265 1934 1452 2018 temporalis

302 2040 422 2107 sanitas
455 2046 487 2108 et
518 2042 710 2108 inbecillitas
739 2062 800 2107 non
829 2045 906 2108 suut
931 2042 994 2107 duo
1018 2041 1117 2120 mala,
1146 2060 1282 2124 quorum
1316 2041 1452 2106 alterum

302 2148 404 2232 peius,
429 2149 486 2215 sed
508 2150 572 2215 ista
595 2151 715 2215 sanitas
739 2153 771 2215 et
793 2150 1006 2216 inmortalitas
1025 2149 1088 2215 duo
1106 2148 1191 2215 bona
1209 2151 1296 2226 sunt,
1316 2167 1452 2230 quornm
1469 2174 1493 2213 a

302 2253 437 2320 alterum
460 2255 586 2322 melius.
610 2256 688 2321 item
712 2256 846 2322 scientia
868 2259 901 2321 et
927 2256 1052 2321 nouitas
1081 2274 1142 2321 non
1170 2255 1233 2320 duo
1257 2255 1344 2320 mala
1366 2260 1452 2332 sunt,

303 2379 439 2443 quorum
463 2364 587 2428 danitas
611 2363 714 2446 peius,
739 2363 795 2428 sed
819 2363 952 2429 scicntia
975 2366 1008 2427 et
1035 2363 1150 2428 caritm
1173 2361 1236 2428 duo
1259 2362 1343 2428 bona
1366 2365 1453 2435 sunt,

305 2485 440 2549 quorum
466 2468 579 2533 caritas
604 2469 730 2535 melius.
755 2488 891 2552 namque
924 2469 1101 2534 scientia
1134 2470 1384 2545 destruetur,
1408 2467 1455 2531 ait

304 2574 482 2655 apostolus¹
506 2578 538 2640 et
570 2578 675 2639 tamen
708 2575 785 2639 huic
817 2574 954 2658 tempori
987 2574 1166 2640 necessaria
1198 2578 1262 2649 ast;
1298 2574 1453 2639 caritas

304 2684 412 2753 autem
448 2698 660 2763 numquam
699 2680 827 2747 cadet.
866 2681 913 2747 sio
945 2685 978 2747 ot
1007 2681 1152 2747 mortalis
1183 2680 1247 2745 ista
1277 2679 1497 2765 generalius

303 2789 433 2869 propter
459 2804 554 2869 quem
582 2785 662 2851 fiunt
689 2786 828 2868 nuptiae,
853 2786 1048 2862 destructum
1078 2785 1116 2851 ab
1141 2785 1226 2851 omni
1249 2788 1359 2850 autem
1382 2802 1455 2849 con-

305 2891 416 2957 cubitu
448 2892 620 2960 inmuoitas
654 2896 685 2959 et
717 2891 769 2959 hie
802 2893 944 2977 angelica
970 2893 1134 2958 meditatio
1163 2896 1212 2958 est
1235 2894 1268 2957 st
1290 2894 1457 2975 permanet

305 2998 336 3068 iu
361 3002 535 3065 aeteruum.
565 2999 650 3065 sicut
677 3003 784 3065 autem
810 2999 939 3065 ieiuniis
967 2998 1195 3083 sacrilegorum
1221 2998 1357 3065 meliora
1378 3001 1456 3063 sunt

305 3104 436 3188 prandia
459 3106 627 3184 iustorum,
647 3105 692 3169 ita
710 3105 840 3189 nuptiae
858 3104 1003 3171 fidelium
1020 3104 1198 3190 uirm'niteti
1217 3109 1456 3188 anteponuntur

305 3212 473 3297 lupianum.
497 3216 717 3277 cerumtamen
737 3230 838 3294 neque
857 3212 902 3275 ibi
921 3212 1087 3295 prandium
1103 3211 1234 3290 ieiunio,
1254 3211 1310 3276 sed
1328 3211 1455 3277 iustitia
1472 3232 1497 3273 a

306 3320 473 3405 sacnlegio
509 3337 610 3401 neque
642 3316 694 3383 bio
726 3318 855 3403 nuptiae
886 3317 1076 3402 uirginitati,
1109 3319 1165 3384 sed
1197 3318 1276 3383 fides
1308 3316 1455 3401 inpietati

398 3532 410 3584 l
432 3527 514 3582 Hebr.
536 3527 577 3593 13,
596 3528 614 3580 4
668 3524 851 3596 capuceo,
874 3528 907 3581 12
964 3525 1030 3580 181
1050 3524 1109 3582 Cor.
1130 3526 1172 3589 le,
1192 3527 1208 3581 8

343 3648 644 3723 3couparationem0
730 3652 796 3704 4et
813 3667 865 3704 om.
884 3648 1083 3720 KTHFRDN
1183 3652 1225 3703 est
1242 3665 1295 3703 om.
1313 3646 1458 3703 MENXa

308 3746 324 3797 5
344 3743 414 3797 enim
434 3745 476 3795 est
495 3740 525 3794 F
630 3740 646 3793 6
665 3737 794 3793 adherere
816 3738 963 3793 OKHDX
1084 3738 1186 3793 bonum
1205 3742 1248 3792 est
1264 3737 1457 3808 PKpHFRD

309 3832 324 3885 7
343 3830 420 3901 peior
438 3832 480 3883 est
497 3826 667 3883 MENDXo
720 3827 740 3881 8
757 3828 906 3882 concubere'
924 3827 986 3882 PH
1043 3830 1059 3883 9
1078 3827 1219 3898 apostolus
1238 3826 1278 3880 sit
1295 3824 1459 3881 MENde

309 3922 362 3990 est]
383 3923 426 3973 eet
444 3918 514 3985 onim
536 3917 615 3971 CBD
693 3918 775 3971 etiam
794 3933 846 3972 om.
865 3917 895 3970 D
987 3917 1017 3971 ll
1038 3917 1199 3972 concubium
1217 3915 1251 3970 K
1341 3916 1375 3970 12
1393 3920 1459 3970 snut

307 4010 380 4065 boue
397 4009 425 4065 R
518 4008 550 4062 13
568 4008 665 4063 melius
685 4011 727 4063 est
745 4008 777 4061 X
829 4008 891 4077 '15
909 4007 1012 4061 sanitas
1031 4023 1116 4077 enar
1203 4004 1460 4061 ramothenam

310 4100 343 4154 18
363 4097 511 4153 distruatur
529 4096 562 4150 K
648 4100 681 4150 ut
699 4097 739 4151 ait
756 4096 864 4152 ENXu
955 4098 987 4150 19
1005 4100 1127 4165 tempore
1144 4094 1174 4165 γι
1263 4096 1299 4149 20
1318 4094 1402 4149 cadat
1418 4094 1460 4148 Βι

308 4190 341 4243 21
363 4187 513 4241 distruatur
530 4187 562 4241 K
610 4186 761 4240 aomaniH
813 4187 916 4255 autem]
934 4186 1007 4239 enim
1021 4185 1133 4239 MEXc
1149 4184 1248 4239 omli
1280 4184 1317 4238 22
1335 4188 1459 4253 maneta

308 4278 343 4331 23
362 4274 564 4344 sacrilegiorum
584 4274 645 4345 (ult.
664 4276 674 4328 i
692 4274 724 4327 in
742 4280 812 4342 ras.)
831 4275 859 4328 Β
939 4276 975 4329 24
993 4275 1153 4343 uirginitate
1170 4272 1271 4343 p¹ll¹E
1353 4274 1391 4327 25
1407 4274 1462 4326 im·

308 4366 414 4437 piorum
432 4362 588 4417 Murem
605 4364 746 4432 imperium
765 4362 809 4416 Κι
