3109 4959
517 455 559 508 de
586 453 920 539 bonoconiugaii
1226 460 1289 523 217

142 650 285 724 nouerat,
314 648 367 711 cui
399 666 528 711 manum
562 647 695 712 subdere
728 647 882 712 famulum
914 648 1021 723 iussit,
1050 651 1088 712 ut
1119 648 1157 712 de
1185 668 1289 727 uxore,

142 770 223 833 quae
252 772 270 817 a
297 753 363 817 filio
392 759 478 817 esset
505 753 653 819 ducenda
670 755 799 819 iuraret.
826 773 946 836 ponens
970 755 1054 819 enim
1077 775 1205 819 manum
1230 756 1290 819 eut

140 858 260 923 femore
293 858 429 924 hominis
464 863 496 925 et
526 860 632 924 iurans
665 878 720 941 per
749 861 842 925 deum
871 862 951 926 caeli
978 860 1055 944 quid
1083 860 1170 925 aliud
1194 861 1290 945 signi·

140 965 258 1030 ficabat
282 966 343 1030 nisi
365 967 398 1031 in
428 984 463 1029 eu
487 981 588 1043 earne,
609 986 689 1048 quae
709 986 744 1030 ex
765 968 819 1032 illo
838 969 957 1032 femore
977 968 1130 1052 originem
1150 967 1289 1046 duceret,

106 1070 236 1140 odeum
271 1072 350 1137 cneii
382 1092 454 1138 esee
487 1076 678 1138 uenturum?
710 1074 829 1138 bonum
866 1093 940 1158 ergo
974 1079 1049 1139 eunt
1084 1075 1224 1157 nuptiae,
1256 1075 1288 1139 in

141 1180 258 1261 quibua
290 1184 379 1247 tauto
411 1181 559 1246 meliores
592 1184 668 1245 aunt
704 1180 877 1265 coniugati,
909 1186 1027 1263 quanto
1065 1182 1216 1247 castiores
1253 1199 1290 1245 ac

139 1284 300 1351 fideliores
325 1287 419 1353 deum
442 1288 566 1365 timent,
590 1287 724 1351 maxime
748 1288 776 1352 ei
800 1288 893 1364 filine,
917 1306 997 1371 quos
1021 1288 1186 1353 carnaliter
1208 1288 1290 1352 deei-

140 1393 261 1474 derant,
287 1394 383 1459 etiam
407 1394 593 1477 spiritaliter
616 1394 765 1459 nutriant.

184 1499 255 1564 XX.
278 1500 333 1564 23.
361 1500 428 1565 Nee
456 1499 541 1582 quod
567 1500 727 1585 purificari
755 1502 805 1565 lex
833 1501 993 1565 homiuem
1021 1505 1053 1566 et
1080 1502 1156 1583 poet
1181 1501 1288 1564 coniu-

93 1637 120 1675 m
140 1609 245 1690 galem
273 1606 477 1672 concubitum
505 1607 603 1685 iubet,
626 1611 793 1689 peceatum
821 1626 892 1672 ease
921 1607 1069 1684 declarat,
1094 1608 1122 1672 ai
1149 1626 1210 1672 non
1239 1609 1291 1671 eat

139 1713 205 1791 ille,
222 1714 277 1794 qui
296 1715 470 1777 seeundum
490 1714 614 1777 ueniam
634 1713 828 1791 conceditur,
844 1715 899 1797 qui
918 1714 1014 1778 otiam
1032 1714 1150 1778 nimina
1168 1712 1290 1796 inpedit

140 1819 309 1884 orationes.
334 1820 390 1883 sed
414 1820 499 1884 sieut
522 1820 623 1883 multa
645 1820 693 1883 lex
718 1820 807 1903 ponit
829 1820 861 1884 iu
886 1821 1091 1885 sacramentis
1116 1823 1148 1884 et
1166 1820 1287 1884 umbris

137 1928 331 2004 futurorum,
364 1926 517 2009 quaedam
555 1928 586 1991 iu
620 1928 737 1993 semiue
771 1929 863 2009 quasi
895 1927 1069 1992 materialis
1100 1927 1288 1999 informitas,

140 2052 222 2115 quae
253 2034 387 2097 formata
415 2052 529 2117 corpus
558 2034 694 2099 hominis
721 2034 884 2100 redditura
910 2042 969 2111 eet,
997 2035 1029 2098 iu
1058 2033 1289 2119 significatione

92 2139 245 2221 reposita
282 2142 332 2205 est
362 2140 448 2205 uitae
480 2142 626 2206 informia
660 2146 692 2207 et
723 2142 913 2207 ineruditae:
951 2161 970 2206 a
1000 2160 1063 2224 qua
1094 2140 1288 2204 informitate

139 2246 288 2327 quoniam
314 2250 438 2329 oportet
460 2238 620 2313 hominem
645 2246 805 2313 doctrinae
828 2248 929 2313 forma
952 2254 985 2311 et
1003 2246 1179 2311 eruditione
1199 2266 1287 2309 mun·

139 2352 217 2431 dari,
241 2354 273 2417 iu
302 2354 398 2418 huius
425 2354 471 2418 rei
499 2354 627 2438 signum
657 2354 711 2417 ilie
739 2354 918 2437 purificatio
945 2358 1115 2437 praecepta
1142 2357 1193 2417 eet
1214 2357 1289 2435 post

139 2459 271 2524 seminia
295 2460 509 2526 emiasionem.
534 2480 635 2545 neque
660 2462 742 2525 enim
767 2465 800 2525 et
821 2462 854 2525 in
877 2461 998 2526 aomnie
1020 2465 1152 2544 peceato
1176 2459 1225 2535 fit;
1256 2463 1288 2524 et

137 2570 244 2630 tamen
271 2568 366 2631 etiam
389 2566 436 2631 ibi
457 2570 626 2651 praecepta
649 2571 699 2631 eet
716 2567 904 2649 purificatio.
929 2571 984 2631 aut
1003 2569 1032 2632 ai
1051 2570 1084 2631 et
1100 2568 1160 2632 hoc
1178 2584 1287 2650 peeca-

87 2704 117 2743 ιο
137 2678 209 2737 tum
243 2672 412 2755 quiequam
444 2676 545 2757 putat,
574 2693 636 2739 uon
671 2674 825 2739 arbitrans
859 2673 1000 2740 accidere
1026 2674 1089 2738 uisi
1117 2693 1153 2738 ex
1181 2673 1286 2754 aliquo

136 2780 236 2845 huius
260 2780 347 2848 modi
371 2780 538 2858 desiderio,
558 2780 642 2863 quod
666 2781 777 2863 procul
801 2780 897 2845 dubio
918 2780 1035 2847 falsum
1055 2783 1113 2855 eat,
1132 2780 1287 2862 numquid

137 2891 171 2951 et
199 2888 294 2951 solita
321 2906 487 2952 mensuum
511 2892 642 2971 peecata
666 2890 740 2952 sunt
762 2888 972 2953 feminarum?
1000 2888 1157 2971 aquibus
1180 2891 1287 2951 tamen

137 3012 192 3057 eas
220 2994 331 3059 eadem
359 2994 440 3078 legis
468 2998 614 3061 uetustae
642 2996 804 3077 praecepit
830 2996 947 3078 expiari
978 3014 1040 3060 uon
1068 2994 1130 3059 nisi
1159 2998 1289 3077 propter

230 3238 242 3290 1
264 3236 297 3293 ci.
317 3236 384 3293 Gen.
404 3240 448 3303 24,
467 3240 492 3293 2.
511 3240 527 3292 3
582 3240 616 3293 23
636 3239 670 3293 cf.
690 3240 754 3296 Leu.
775 3256 797 3294 c.
819 3242 851 3293 15

173 3378 264 3446 lcui]
285 3386 317 3431 en
336 3377 507 3433 KDMENu
601 3394 681 3432 manu
700 3378 730 3432 Ε
822 3378 917 3449 uide]
936 3378 1008 3433 unde
1025 3378 1074 3448 pa*
1159 3386 1240 3432 uxore
1259 3380 1290 3433 F

133 3468 152 3519 2
173 3482 225 3537 que
246 3470 272 3537 (p
291 3467 323 3519 in
335 3483 392 3521 rae.
406 3484 442 3523 m.
455 3469 484 3533 2)
501 3466 526 3521 0
577 3483 659 3523 aom.
675 3466 977 3537 PKTAFDMENXn
1030 3469 1113 3537 onim]
1134 3467 1286 3539 011>po

135 3562 169 3620 (a.
190 3555 220 3625 1.)
239 3558 267 3609 A
286 3572 350 3625 ergo
369 3555 402 3608 N
470 3555 668 3626 41110]00D
740 3555 837 3609 ducere
855 3557 886 3611 E
955 3556 1060 3627 tuone.
1078 3555 1135 3627 131²
1206 3558 1284 3628 dac]

134 3644 214 3699 etD
285 3644 533 3715 8apirituleterp²
610 3644 687 3699 eNe
705 3644 771 3699 KN
853 3649 882 3698 et
899 3662 951 3699 om.
970 3646 1030 3700 EX
1108 3646 1227 3715 iugalem
1247 3648 1284 3698 I,¹

136 3736 167 3788 ll
190 3735 250 3804 qui]
269 3734 312 3787 cui
330 3733 528 3803 rammam
636 3733 736 3788 secudu
756 3734 804 3803 (do
821 3752 842 3788 a.
863 3734 892 3801 l.)
912 3736 945 3789 H
1039 3736 1072 3790 12
1089 3736 1132 3789 lex
1150 3736 1238 3791 multa
1257 3739 1288 3792 X

135 3822 171 3875 13
195 3820 328 3891 quaedam
352 3837 416 3892 orgo
440 3824 515 3891 (ergo
533 3836 555 3877 e.
576 3822 593 3877 1.
612 3839 647 3877 aa.
668 3822 718 3893 al.)
743 3822 774 3885 P,
785 3820 974 3892 HAFRDNp
1080 3824 1237 3878 materiales
1255 3824 1288 3878 K

135 3911 171 3963 14
190 3926 244 3979 quo
263 3910 295 3963 X
372 3910 412 3980 in]
433 3910 518 3965 sicin
538 3930 556 3963 α
631 3912 859 3981 significationem
879 3910 1019 3965 ΜΕΝΧα
1111 3914 1143 3966 15
1162 3912 1285 3967 informia

130 4008 163 4057 to
181 4014 271 4067 mpra
289 4000 299 4052 i
318 3999 395 4066 add)
414 3998 448 4053 H
465 4016 468 4021 ·
525 3999 697 4055 inheruditae
716 4000 750 4053 H
821 4001 854 4055 16
873 4002 1012 4070 quoniam]
1030 4002 1095 4071 quia
1112 4001 1286 4055 ΚΜΕΝΧα

132 4086 286 4156 doctrinae]
295 4087 419 4141 doctrina
433 4092 460 4141 et
469 4086 641 4143 ΚΜΕΝΧα
679 4090 711 4143 18
724 4090 796 4143 onim
807 4105 858 4144 om.
868 4090 901 4143 N
950 4098 1090 4160 peccatum
1100 4090 1284 4144 H²MENX1>

132 4177 170 4231 20
190 4179 270 4247 putet
288 4176 459 4230 ΚΜΕΝΧα
562 4177 689 4232 accedere
707 4178 789 4231 KB·
856 4180 892 4232 22
910 4196 1050 4233 mensuum
1071 4178 1289 4250 G¹P⁴sA¹RH¹F

132 4268 304 4320 menstruum
322 4264 496 4321 ΚΜΧΕΝα
513 4268 646 4321 mensium
664 4266 808 4321 A²H²BD
824 4273 963 4322 menstrua
983 4269 1020 4323 bd
1115 4274 1227 4338 peccata
1245 4272 1286 4333 (ta

130 4372 154 4410 a.
175 4354 206 4419 1.)
226 4354 254 4408 B
327 4356 429 4425 tamen]
450 4358 516 4409 tunc
534 4354 622 4409 ΕΝΧ
676 4357 710 4411 23
729 4358 864 4427 praecipit
881 4356 1023 4412 ΚΜΕΝα

1345 171 1374 208 Χ

1376 211 1463 303 X
1505 355 1508 359 .
