3109 4959
516 422 558 477 de
580 422 684 477 ·bono
713 421 922 490 coniugali
1225 424 1290 491 205

134 620 260 685 infideli
281 619 371 685 uxori
389 618 475 683 idem
489 618 655 701 apostolus
671 616 765 681 testis
781 619 831 681 eet
851 615 972 681 dicens:
992 617 1290 683 sanctificatus

137 732 202 793 est
224 728 329 792 enim
353 726 416 791 uir
438 724 632 790 infidelis
656 723 694 789 in
719 741 852 801 uxone,
873 728 912 787 et
931 724 1205 789 sanctificata
1228 728 1291 790 est

135 834 288 900 mulier
324 832 515 898 infidelis
553 831 591 897 in
628 830 767 897 fratre.
806 831 937 913 proinde
969 831 1048 895 illud
1082 830 1203 897 dictum
1241 834 1291 897 est

136 939 313 1007 secundum
338 939 523 1023 ampliorem
548 937 749 1004 sanctitatem
768 937 974 1019 innuptarum
993 957 1087 1019 quam
1107 940 1288 1019 nuptarum,

102 1047 191 1112 seui
219 1066 341 1111 merces
370 1048 465 1111 etiam
495 1044 628 1110 debetur
656 1044 792 1126 amplior
814 1043 988 1111 secundum
1012 1043 1097 1127 quod
1120 1044 1183 1109 isto
1207 1045 1288 1111 bono

135 1154 219 1218 illud
243 1152 443 1232 emmelina,
468 1153 542 1235 quie
565 1156 598 1217 ot
620 1153 681 1217 hoc
707 1152 812 1217 solum
832 1152 962 1236 cogitat,
984 1151 1142 1234 quomodo
1166 1153 1291 1234 placeat

137 1260 277 1327 domiuo.
306 1279 408 1343 neque
436 1260 519 1325 enim
547 1259 667 1325 femina
694 1258 809 1336 fidelia,
838 1277 968 1323 seruans
996 1258 1184 1341 pudicitiam
1217 1277 1289 1324 oon·

135 1368 288 1453 iugalem,
316 1386 375 1431 non
409 1366 539 1450 cogitat,
568 1365 726 1447 quomodo
758 1365 885 1447 placeat
916 1363 1055 1441 domino,
1088 1363 1147 1429 sed
1178 1365 1288 1448 utiquc

136 1474 255 1549 minus,
279 1474 354 1555 quia
378 1472 499 1557 cogitat
522 1472 619 1538 etiam
643 1491 723 1556 quae
748 1475 824 1537 sunt
846 1470 967 1548 mundi,
988 1469 1147 1553 quomodo
1165 1472 1291 1553 placeat

89 1603 117 1641 w
136 1580 218 1645 uiro.
250 1580 310 1645 hoc
339 1580 422 1645 enim
452 1580 490 1645 de
518 1579 584 1645 illis
613 1579 715 1645 dicero
744 1579 860 1657 uoluit,
889 1577 973 1661 quod
1001 1580 1137 1663 possunt
1172 1579 1289 1644 habere

137 1687 277 1769 quodam
307 1686 402 1752 modo
432 1685 469 1750 de
497 1686 688 1751 necessitate
718 1686 857 1763 conubii,
881 1688 919 1750 ut
945 1686 1088 1769 cogitent
1111 1704 1191 1768 qnae
1215 1689 1290 1753 sunt

136 1794 260 1872 mundi,
284 1792 442 1875 quomodo
465 1792 612 1875 placeant
633 1792 713 1857 uiris
737 1792 816 1857 suis.

181 1901 255 1966 XII.
281 1902 332 1965 14.
366 1897 459 1979 Quod
490 1903 598 1967 utrum
630 1899 669 1964 de
703 1898 850 1963 omnibus
882 1900 991 1981 nuptis
1024 1899 1146 1976 dixerit,
1180 1919 1219 1965 an
1247 1900 1287 1965 de

135 2008 258 2073 talibus
282 2008 392 2089 quales
415 2007 460 2071 ita
484 2007 604 2072 multae
624 2011 708 2085 sunt,
727 2010 765 2071 nt
782 2026 881 2089 paene
901 2025 1010 2071 omnes
1029 2007 1132 2088 putari
1151 2007 1287 2090 possint,

91 2136 116 2175 1⁵
136 2134 199 2179 non
223 2114 369 2179 inmerito
394 2113 567 2179 dubitatur.
591 2132 693 2196 neque
718 2112 801 2179 enirn
822 2115 855 2177 et
871 2113 963 2190 illud,
983 2113 1067 2194 qnod
1087 2112 1125 2178 de
1143 2113 1287 2197 innuptis

139 2222 199 2286 ait:
224 2240 325 2302 qnae
348 2220 521 2304 innupta
545 2222 618 2300 est,
643 2219 803 2302 cogitat
826 2240 869 2285 ea
888 2240 989 2302 quae
1009 2225 1106 2285 sunt
1124 2220 1287 2297 domini,

136 2334 182 2393 ut
207 2328 264 2392 sit
288 2331 429 2392 sancta
452 2331 491 2393 et
514 2346 682 2409 corpore
707 2331 746 2391 et
764 2326 930 2409 spiritu,
950 2326 990 2391 ad
1008 2345 1119 2392 omnes
1137 2328 1288 2411 innuptas

136 2434 286 2517 pertinet,
312 2454 384 2499 oum
410 2435 475 2499 sint
498 2434 652 2515 quaedam
675 2434 792 2499 uiduae
820 2438 976 2512 mortuae,
1000 2453 1081 2515 quae
1108 2436 1140 2499 in
1165 2434 1289 2499 deliciis

137 2542 267 2606 uiuunt.
297 2548 515 2605 uerumtamen
546 2540 630 2621 quod
658 2540 773 2605 attinet
800 2539 840 2604 ad
868 2540 1027 2622 quandam
1050 2540 1291 2606 distinctionem

88 2670 117 2709 ac
138 2652 173 2711 et
211 2646 303 2728 quasi
338 2646 563 2730 proprietatem
605 2646 808 2728 innuptarum
850 2649 946 2729 atque
986 2651 1167 2729 nuptarum,
1206 2647 1291 2711 sicut

136 2753 274 2819 nimium
298 2753 485 2819 detestanda
508 2758 567 2831 est,
591 2772 671 2836 quae
696 2754 860 2819 continens
885 2774 904 2818 1
925 2754 1058 2837 nuptiis,
1082 2754 1116 2818 id
1139 2757 1189 2819 ost
1212 2773 1230 2818 a
1257 2773 1291 2818 re

137 2878 303 2938 concessa,
332 2880 393 2925 non
421 2861 563 2927 continet
591 2880 608 2925 a
637 2858 761 2925 delictis
789 2860 843 2925 uel
870 2860 1011 2925 luxuriae
1039 2861 1094 2925 uel
1124 2861 1290 2944 superbiae

136 2967 195 3031 nol
228 2967 423 3032 curiositatis
457 2971 489 3031 et
521 2966 738 3043 uerbositatis,
766 2967 813 3031 ita
840 2987 910 3032 rara
935 2970 1036 3050 nupta
1063 2972 1122 3046 eet,
1151 2966 1290 3049 quaein

136 3075 212 3156 ipso
246 3092 372 3156 qnoque
405 3074 556 3157 obsequio
591 3074 751 3157 coniugali
784 3094 846 3139 non
879 3074 1000 3159 cogitat
1032 3075 1096 3140 nisi
1133 3072 1290 3157 quomodo

234 3385 247 3437 1
269 3382 282 3436 1
302 3383 362 3438 Cor.
382 3379 416 3448 7,’
429 3384 462 3438 14
519 3384 584 3439 171
604 3385 663 3439 Cor.
685 3386 709 3450 7,
729 3386 763 3440 34
821 3386 853 3439 19
873 3386 906 3440 ci.
927 3385 1025 3439 1111.
1046 3387 1072 3451 5,
1091 3389 1108 3441 6

181 3618 193 3671 1
215 3615 378 3671 nauculatur
396 3615 425 3671 R
488 3618 504 3671 2
524 3634 605 3672 uxore
623 3616 704 3671 fidele
722 3617 755 3672 Κ
773 3634 854 3672 uxore
873 3617 946 3673 ildeli
965 3618 1108 3671 MENXa
1173 3618 1190 3671 3
1209 3617 1293 3671 fratrs

140 3706 224 3761 fidele
243 3705 276 3759 K
292 3704 377 3759 fratre
395 3703 470 3761 fideli
489 3706 632 3761 MENXu
707 3709 824 3775 Aquam
844 3710 1054 3775 „nuptarum
1127 3706 1293 3761 51)(1111Β1

138 3798 160 3851 6
175 3796 240 3864 quia
254 3810 306 3851 om.
316 3794 428 3848 Mena
496 3794 611 3865 cogitat]
628 3796 733 3863 cogitat
748 3794 850 3849 femina
860 3794 892 3849 K
905 3796 1011 3863 cogitat
1024 3796 1139 3864 innupta
1152 3794 1294 3849 ΜΕΝΧα

140 3886 159 3938 7
180 3883 282 3937 semina
301 3900 352 3938 om.
371 3882 544 3939 KMENXu
598 3884 614 3936 9
635 3884 710 3953 quia]
730 3900 782 3954 que
803 3885 1007 3954 (1111111111
1027 3885 1072 3953 qui
1086 3882 1118 3937 D
1169 3884 1203 3938 10
1221 3883 1294 3952 quod

139 3978 177 4039 (a.
197 3974 216 4029 1.
236 3978 300 4044 quc)
320 3974 347 4025 A
371 3990 441 4043 quae
459 3974 503 4027 Bb
597 3975 629 4029 13
649 3972 756 4027 nubtias
775 3973 802 4025 P
823 3974 927 4043 nuptiis
946 3975 974 4027 A
1083 3974 1116 4027 lt
1134 3990 1220 4042 poene
1238 3972 1294 4027 AB

139 4076 238 4117 omnes
256 4062 328 4115 tales
346 4061 380 4115 K
396 4078 474 4117 omne
493 4062 523 4117 D
607 4062 698 4133 putari
716 4062 834 4132 possint]
854 4062 940 4116 futuri
958 4062 1061 4132 possim
1079 4060 1150 4117 A‘D
1167 4060 1294 4115 arbitrari

138 4150 246 4223 possim
264 4148 307 4205 A²
376 4152 646 4221 possentMENXu
739 4154 770 4206 15
791 4150 1041 4207 enimomADN
1113 4150 1296 4205 innubliosP

138 4240 238 4309 nuptis
258 4240 286 4293 Β
352 4239 580 4311 181111111111111
644 4242 678 4296 20
698 4240 786 4310 adque
807 4240 862 4293 CK
921 4241 955 4294 22
975 4239 1089 4294 delectis
1106 4239 1147 4295 13¹
1219 4238 1294 4293 luxo-

134 4328 200 4383 riae
220 4328 252 4382 K
332 4329 367 4383 23
386 4330 427 4383 ita
444 4330 515 4399 1111]
535 4330 576 4383 111
594 4334 673 4399 grata
691 4330 719 4401 (a
732 4330 816 4399 prim.
835 4346 856 4383 a.
877 4330 909 4394 1,·
929 4346 946 4399 g
964 4330 996 4383 in
1013 4333 1083 4397 raa.)
1102 4330 1130 4382 A
1147 4328 1247 4383 iterata
1266 4327 1295 4381 D
