3109 4959
529 459 571 513 de
601 460 857 514 continentia
1212 466 1275 527 163

120 656 289 739 intellegat
331 655 489 738 quomodo
528 657 662 741 clamare
700 656 828 721 debeat:
867 675 937 739 ego
971 656 1065 735 diri,
1104 656 1273 733 domine,

120 762 421 841 misereremei,
442 764 725 827 saneonimem
745 782 878 839 meam,
895 762 1083 845 quoniam
1102 764 1273 845 peccaui

120 868 208 934 tibi.
231 887 292 932 non
318 870 401 933 enim
421 869 582 933 sanatione
601 869 805 954 indiguisset,
824 869 886 933 uisi
905 888 940 933 se
958 869 1029 952 ipse
1047 870 1206 953 peccando
1226 870 1272 932 ni-

118 974 243 1051 tiasset,
268 978 305 1039 ut
332 975 485 1040 aduersus
515 994 583 1040 earn
613 996 671 1041 sue
699 995 769 1041 cero
795 976 1041 1058 concupisceret,
1066 975 1098 1040 id
1128 981 1177 1040 est
1203 976 1274 1057 ipse

85 1098 98 1135 ⁵
119 1081 251 1146 sibimet
263 1082 326 1165 ipsi
350 1102 385 1147 cx
409 1102 445 1147 ee
467 1086 555 1165 parte
580 1101 642 1165 que
664 1083 695 1160 in
716 1102 808 1147 cerne
827 1082 986 1147 infirmate
1005 1086 1055 1147 est
1072 1085 1272 1167 repugnaret.

164 1189 253 1253 VIII.
285 1192 335 1257 19.
365 1188 443 1255 Coro
478 1188 560 1254 eninr
593 1189 672 1255 nihil
704 1190 763 1255 nisi
798 1209 855 1272 per
888 1189 1024 1253 animem
1059 1188 1271 1273 concupiscit3

118 1296 175 1359 sed
192 1297 416 1380 concupiscere
437 1315 508 1361 coro
529 1295 682 1361 aduersus
703 1296 852 1378 spiritum
872 1295 998 1372 dicitur,
1023 1296 1147 1379 quando
1167 1296 1273 1359 anime

118 1402 237 1466 carnali
253 1402 509 1485 concupiscentia
525 1402 651 1484 spiritui
664 1402 849 1467 reluctatur.
869 1405 975 1467 totum
993 1401 1054 1465 hoc
1072 1420 1128 1465 nos
1148 1420 1271 1467 sumus.

119 1512 152 1573 et
166 1528 240 1573 caro
255 1510 334 1591 ipso,
350 1528 430 1591 quae
450 1509 631 1573 discedente
650 1509 755 1573 anime
773 1509 917 1585 moritur,
932 1512 1040 1573 nostra
1057 1526 1131 1589 pers
1150 1506 1274 1573 infirme

73 1634 98 1670 ιο
119 1618 179 1691 est,
194 1632 257 1679 non
272 1615 422 1699 fugiende
436 1615 617 1691 dimittitur,
636 1614 690 1679 sed
706 1614 884 1697 recipienda
898 1615 1061 1697 reponitur
1074 1632 1132 1679 nec
1146 1620 1273 1698 recepta

118 1722 255 1786 ulterius
288 1721 492 1804 relinquetur.
532 1722 740 1785 seminetur
777 1723 884 1785 alitem
923 1739 1059 1803 corpus
1097 1721 1270 1796 animale,

118 1831 297 1913 resurget
320 1846 455 1910 corpus
480 1828 668 1910 spiritale.
693 1831 768 1893 tunc
788 1828 852 1891 iem
873 1846 942 1892 caro
963 1827 1044 1891 nihil
1067 1827 1272 1910 concupiscet

119 1935 274 1999 aduersus
294 1936 452 2018 spiritum,
469 1935 591 2017 quando
612 1937 644 1998 ct
662 1935 732 2017 ipsa
752 1934 904 2019 spiritalis
924 1934 1102 2010 uocabitur,
1123 1935 1269 2016 quoniam

118 2041 247 2123 spiritui
274 2061 335 2107 non
363 2041 468 2106 solum
496 2042 564 2106 siue
592 2040 660 2105 ulle
687 2040 905 2123 repugnantia,
933 2058 1046 2104 uerum
1075 2042 1172 2104 etiam
1201 2040 1269 2104 sine

73 2166 98 2204 1⁵
116 2149 187 2213 ulla
219 2148 388 2230 corporalis
422 2148 564 2213 alimenti
602 2148 776 2233 indigentia
808 2148 840 2211 in
880 2150 1041 2212 aeternum
1079 2147 1270 2211 uiuificundc

117 2254 281 2320 subdetur.
311 2254 388 2319 haec
411 2254 511 2339 igitur
535 2254 606 2331 duc,
633 2274 712 2336 quae
736 2273 820 2318 nunc
843 2254 983 2318 inuicem
1007 2254 1214 2318 aduersantur
1236 2253 1269 2317 in

117 2360 222 2439 nobis,
247 2362 394 2443 quoniam
422 2362 454 2426 in
482 2364 619 2443 utroque
641 2380 697 2426 nos
722 2380 846 2438 sumus,
870 2362 908 2425 ut
931 2359 1121 2425 concordent
1143 2378 1268 2423 oremus

117 2471 151 2532 et
164 2486 307 2551 egemus,
328 2488 388 2532 non
405 2468 487 2533 enim
503 2470 638 2533 alterum
659 2486 768 2532 eorum
786 2470 899 2549 putere
919 2467 1071 2531 debemus
1090 2465 1266 2543 inimicum,

116 2574 173 2637 sed
205 2575 332 2653 uitium,
366 2594 428 2657 quo
463 2594 533 2641 caro
568 2575 765 2659 concupiscit
798 2574 952 2639 aduersus
985 2574 1149 2655 spiritum:
1183 2572 1267 2654 quod

68 2700 96 2737 ιο
116 2684 265 2744 sanetum
292 2700 350 2745 nec
377 2682 483 2763 ipsum
514 2682 573 2747 erit
603 2685 635 2746 et
664 2681 845 2746 substantia
871 2686 1006 2763 utreque
1034 2680 1125 2744 selue
1153 2679 1213 2743 erit
1236 2682 1268 2743 et

114 2787 146 2849 in
167 2794 301 2869 utruque
321 2788 409 2851 nullo
427 2806 531 2871 pugna
552 2788 621 2852 erit.
646 2788 813 2852 audiamus
834 2788 1023 2871 apostolum.
1049 2786 1138 2862 scio,
1152 2786 1267 2867 inquit,

114 2894 297 2974 quianon
322 2894 528 2959 habitatin
553 2914 619 2973 me,
640 2896 708 2959 hoc
733 2895 850 2959 estin
875 2914 984 2959 carne
1007 2913 1097 2967 mea,
1117 2893 1264 2958 bonurn.

114 3000 176 3063 hoc
199 2998 312 3080 utique
335 3000 389 3078 ait,
411 3000 485 3081 quio
507 3000 624 3065 uitium
649 3000 751 3065 cernis
775 3000 807 3064 in
830 3020 863 3064 re
882 3002 965 3065 bona
983 3018 1044 3065 nou
1065 3002 1115 3064 est
1132 3000 1265 3064 bonum:

114 3104 201 3189 quud
225 3124 297 3170 curn
322 3126 391 3171 esse
417 3106 584 3187 destiterit,
605 3126 675 3172 cero
695 3108 765 3185 erit,
787 3107 924 3172 sedium
943 3107 1058 3171 uitiata
1076 3106 1129 3170 uel
1147 3106 1267 3169 uitiosa

65 3234 93 3274 rs
112 3232 174 3277 non
210 3212 279 3277 en't.
313 3232 408 3296 quam
440 3218 546 3279 temen
577 3215 617 3279 ed
645 3218 786 3280 nostram
813 3216 969 3297 pertinere
1002 3216 1148 3278 naturam
1180 3212 1264 3276 idem

112 3319 225 3384 doctor
252 3320 393 3385 ostendit
419 3320 508 3404 prius
536 3320 683 3386 dicendo:
714 3321 805 3399 scio,
834 3322 1017 3404 quianon
1046 3318 1199 3383 habitet
1226 3318 1263 3382 in

204 3583 216 3634 1
239 3580 283 3637 Pe.
302 3582 345 3645 40,
365 3586 381 3636 5
438 3583 469 3636 11
490 3580 503 3634 I
524 3580 584 3635 Cor.
606 3582 646 3645 15,
666 3582 702 3635 44
756 3581 789 3633 21
810 3582 887 3635 Rom.
908 3582 933 3645 7,
954 3581 987 3635 18

145 3739 249 3807 2quie
267 3738 323 3792 DC
410 3738 615 3793 3senetionern
633 3739 660 3792 Β
679 3738 930 3792 uenatione-MOI»
1029 3739 1116 3807 ipsein
1139 3736 1261 3791 OXRD²

108 3829 209 3881 deero
228 3844 278 3880 sue
295 3826 537 3881 MADOdBGXd
624 3827 725 3897 idest]
746 3826 797 3881 ede
818 3827 859 3880 01·
955 3828 970 3881 7
991 3827 1128 3896 spiritum]
1149 3814 1223 3880 ciffi
1241 3828 1265 3880 C

108 3916 207 3986 9ipse
226 3916 326 3969 om.T
395 3916 587 3979 infiemeD,d
642 3918 675 3971 10
695 3920 737 3970 est
754 3918 787 3969 ire
804 3933 861 3972 rae.
877 3916 912 3980 R,
933 3933 984 3970 cm.
999 3916 1037 3969 od
1108 3914 1263 3985 recipienda

108 4003 257 4073 deponitur
282 4003 327 4069 (de
350 4004 383 4057 de
408 4005 473 4058 odd.
493 4022 526 4058 m.
548 4009 576 4071 2)
597 4006 627 4059 D
704 4005 849 4075 deponitur
874 4006 917 4059 Cu
989 4006 1020 4058 ll
1047 4001 1262 4059 antenorei)

110 4094 143 4146 12
158 4092 279 4161 resurgit
293 4092 359 4145 MX
370 4095 459 4162 surgit
473 4094 544 4147 Act
617 4094 784 4163 concupiscit
801 4093 1046 4147 TMADOhBXG
1096 4096 1128 4148 13
1143 4093 1261 4164 quondo]

108 4180 200 4251 qruO
291 4186 319 4234 et
337 4198 388 4236 om.
409 4182 469 4234 DX
542 4185 575 4237 14
593 4183 791 4253 repugnatione
812 4186 843 4245 (e.
864 4184 881 4236 t.
900 4184 914 4235 1
931 4184 1001 4250 ntia)
1025 4184 1050 4236 Τ
1121 4184 1156 4237 20
1175 4184 1214 4251 et]
1233 4186 1262 4235 et

107 4273 139 4323 in
159 4286 215 4325 ras.
236 4270 357 4324 ΜΒ
429 4270 544 4327 selues.
564 4271 581 4325 1.
600 4271 711 4328 m.2D
765 4272 798 4325 21
819 4270 1103 4340 interutremquebd
1156 4273 1190 4325 22
1211 4272 1261 4324 alt.

108 4360 137 4412 in
156 4374 210 4415 cm.
228 4359 267 4412 Α1
323 4360 357 4413 24
376 4359 459 4413 oriani
479 4360 515 4413 M
532 4360 614 4413 etiem
636 4360 677 4413 Cd
748 4376 803 4413 non
822 4360 874 4413 erit
893 4361 939 4414 uel
956 4361 1057 4414 uitiosa
1076 4360 1137 4414 DX

1177 4466 1225 4518 ll*
