3109 4959
503 432 544 487 de
571 432 654 487 fide
683 436 720 486 et
747 432 937 504 operibns
1248 438 1290 501 75

135 625 193 691 sed
216 626 368 691 uolumus
391 625 530 709 insuper,
550 626 636 691 sicut
658 624 816 703 diabolus,
835 626 953 691 zizania
976 628 1144 699 seminam
1169 647 1227 695 nec
1251 628 1291 693 ad

135 732 303 798 Christum
330 733 476 797 uolentes
503 732 611 798 uenire
637 733 855 815 prohibemus,
884 733 940 798 aed
973 752 1027 799 eos
1059 735 1099 799 ad
1127 733 1291 800 Christum

135 840 246 904 uenire
277 839 362 904 nolle
395 839 468 921 ipsa
494 858 553 904 sua
579 840 776 921 professione
810 840 1043 917 conuincimus3
1077 860 1134 907 nec
1163 840 1290 907 Christo

135 950 288 1011 notamus
312 946 448 1024 credere,
469 948 524 1012 sed
548 947 803 1013 demonstramus
828 966 882 1013 cos
903 948 1029 1015 Christo
1049 950 1134 1014 nolle
1153 949 1290 1025 credere,

104 1077 119 1118 o
137 1055 193 1135 qui
216 1054 271 1118 uel
295 1054 487 1118 adulterium
511 1053 624 1119 dicunt
639 1074 701 1119 non
721 1074 803 1134 esse,
823 1055 908 1139 quod
926 1056 982 1121 ille
1001 1057 1192 1121 adulterium
1213 1056 1291 1121 dicit

137 1179 221 1238 esse,
241 1161 295 1225 uel
318 1161 453 1225 creduut
474 1160 636 1225 adulteros
660 1161 729 1226 eius
752 1162 895 1227 membra
916 1181 1012 1245 posse
1037 1182 1117 1241 csso,
1137 1182 1216 1246 quos
1235 1182 1291 1247 per

138 1266 322 1348 apostolum
332 1266 411 1330 dicit
423 1285 557 1350 regnum
571 1266 621 1331 dei
635 1286 697 1331 non
711 1268 875 1350 possidere
890 1271 929 1331 et
943 1287 1010 1333 san
1020 1288 1062 1333 ae
1078 1269 1237 1336 doctrin
1247 1289 1289 1335 ae

137 1371 311 1450 aduersari,
344 1391 444 1455 quiae
477 1375 541 1438 est
572 1372 793 1438 secundum
831 1375 1094 1458 euangelium
1132 1376 1289 1459 gloriae

136 1478 251 1542 beati
279 1478 352 1545 dei.
390 1479 475 1543 undo
502 1498 564 1544 non
593 1482 669 1545 sunt
695 1479 752 1544 isti
778 1480 939 1545 intereos
964 1480 1148 1564 deputandi,
1172 1483 1227 1565 qui
1251 1481 1290 1547 ad

92 1606 119 1645 ro
137 1585 323 1649 conuiuium
359 1586 542 1668 nuptiarum
577 1590 742 1662 uenerunt,
780 1586 837 1652 ssd
873 1588 955 1652 iuter
991 1606 1056 1667 eos,
1090 1589 1145 1671 qni
1183 1589 1290 1654 uenire

136 1690 318 1758 uoluerunt.
343 1711 416 1756 oum
440 1693 524 1758 euim
542 1692 607 1776 ipsi
624 1693 786 1758 doctrinae
807 1692 926 1758 Christi
949 1694 1068 1758 audent
1090 1694 1289 1778 apertissime

136 1798 354 1863 contradicere
391 1801 424 1864 et
460 1804 569 1864 sancto
608 1799 769 1864 aduersari
807 1799 985 1885 euangelio,
1023 1820 1084 1865 nou
1121 1801 1289 1867 uenientes

135 1906 345 1985 repelluntur,
364 1905 421 1969 sed
443 1907 551 1970 uenire
576 1908 791 1970 contemnunt.
817 1906 871 1989 qui
895 1910 1002 1971 autem
1022 1908 1148 1973 saeculo
1175 1909 1289 1973 saltem

135 2012 256 2086 uerbis,
276 2012 402 2076 etiamsi
425 2031 485 2077 nou
509 2011 613 2087 factis,
631 2012 824 2090 renuntiant,
844 2012 979 2078 ueniunt
1001 2013 1130 2097 quidem
1154 2020 1186 2080 et
1208 2015 1291 2079 inter

89 2138 116 2178 1⁵
135 2118 283 2183 triticum
311 2119 508 2183 seminantur
535 2122 569 2183 ot
594 2118 625 2183 iu
655 2138 761 2183 aream
790 2124 1006 2203 congeruntur
1033 2125 1066 2187 et
1094 2120 1209 2187 ouibus
1237 2121 1289 2186 ad·

136 2229 311 2309 gregantur
338 2229 371 2289 et
396 2226 476 2290 retia
499 2225 638 2291 subeunt
660 2227 693 2289 et
715 2226 960 2292 conuinantibus
984 2227 1209 2305 admiscentur,
1233 2228 1289 2294 ssd

135 2331 237 2407 intus,
266 2331 336 2396 siue
363 2334 483 2397 lateant
510 2332 580 2397 sine
606 2336 747 2414 pareant,
770 2336 848 2398 tuuc
876 2334 937 2399 erit
963 2334 1043 2400 ratio
1072 2335 1236 2415 tolerandi,
1261 2336 1289 2401 si

135 2441 282 2521 potestas
314 2438 404 2502 nulla
435 2442 485 2503 est
517 2437 704 2522 corrigendi,
737 2458 795 2503 nec
835 2439 930 2505 debet
965 2460 1036 2507 esse
1073 2442 1288 2525 praesumptio

137 2545 314 2627 separandi.
358 2545 443 2610 absit
470 2548 589 2621 antem,
616 2550 654 2609 ut
681 2546 728 2610 sic
755 2545 993 2631 intellegamus,
1022 2548 1107 2631 quod
1135 2549 1288 2631 scripturn

87 2674 117 2713 ao
137 2656 199 2727 est,
224 2650 265 2715 ad
294 2651 479 2716 conuiuium
506 2652 689 2734 nuptiarum
718 2652 884 2728 adductos,
910 2654 1287 2735 22221222222·221;

136 2758 265 2822 bonos
290 2760 329 2822 et
350 2760 489 2836 malos,
513 2761 550 2823 ut
573 2757 822 2823 eosadduxisse
847 2759 1022 2837 credantur,
1048 2761 1102 2842 qui
1127 2779 1162 2825 se
1184 2760 1287 2825 malos

136 2868 396 2947 perseueraturcs
419 2863 555 2946 professi
579 2868 664 2929 sunt.
688 2864 829 2946 alioquin
847 2864 910 2947 ipsi
930 2866 1015 2932 serni
1034 2866 1131 2950 patris
1151 2866 1287 2931 familias

136 2970 261 3035 zizania
287 2970 484 3035 seminarunt
510 2970 689 3053 falsumque
718 2972 778 3035 erit
805 2972 900 3036 illud:
928 2972 1123 3038 inimicus
1156 2976 1288 3038 autern

136 3076 209 3159 qui
236 3094 281 3140 ea
309 3078 544 3155 semiuauit‚
569 3077 761 3142 diabolus
791 3082 863 3143 est.
902 3079 958 3143 sed
987 3078 1061 3161 quia
1087 3080 1147 3145 hoc
1170 3080 1287 3144 falsum

86 3201 115 3242 rs
139 3202 212 3248 esse
241 3202 301 3248 uon
329 3186 446 3265 potest,
470 3184 669 3248 adduxeruut
696 3184 808 3249 serui
834 3185 960 3251 bonos
990 3187 1029 3250 et
1055 3187 1194 3265 malos,
1219 3185 1288 3251 siue

228 3409 244 3461 a
263 3408 276 3461 1
295 3408 364 3463 ram.
385 3407 409 3471 1,
429 3407 471 3462 10.
493 3409 523 3463 ιι
586 3409 603 3463 2
623 3407 656 3466 er.
675 3408 775 3463 notar.
795 3410 838 3475 22,
858 3410 874 3462 2
894 3426 953 3479 sqq.
1018 3410 1053 3465 ao
1071 3409 1171 3467 aaran.
1190 3410 1233 3475 22,
1254 3410 1288 3465 ro

135 3496 172 3552 aa
191 3496 292 3552 uass.
312 3498 354 3561 rs,
373 3496 408 3551 22

173 3620 349 3675 2221221222
369 3619 509 3676 SMRBA
564 3621 629 3674 3se
648 3622 741 3675 uenire
760 3620 845 3677 SMR
901 3622 1084 3677 conuincimur
1102 3622 1156 3676 SM
1217 3622 1287 3677 chri·

135 3712 212 3763 atum
229 3710 261 3763 X
334 3714 457 3763 uetamns
477 3708 584 3764 Christo
604 3710 642 3764 bd
703 3711 813 3764 422112
834 3709 941 3765 Christo
962 3711 1000 3765 oo
1061 3710 1287 3781 5quod-posse

135 3814 199 3853 esse
216 3798 250 3851 in
266 3797 355 3867 πιφβ
409 3798 525 3867 dposse
543 3814 595 3853 om.
614 3798 784 3854 SMRBNA
834 3800 1043 3870 8euangelium
1063 3814 1114 3853 om.
1129 3800 1155 3852 P
1207 3800 1287 3855 9de'i

134 3903 190 3941 om.
210 3886 243 3939 N
331 3887 445 3956 putandi
463 3886 522 3942 SM
593 3889 627 3942 10
645 3887 763 3942 ..aeds
840 3889 872 3942 12
892 3890 956 3959 quia
975 3890 1115 3943 uenientes
1134 3889 1288 3945 SMRNB=¹

137 3977 172 4030 13
191 3976 381 4045 reppelluntnr
398 3976 425 4029 P
497 3980 693 4047 contempnunt
711 3978 741 4030 N
814 3978 905 4031 saltim
924 3978 956 4031 N
974 3979 1084 4033 sal-tem
1104 3979 1132 4031 P
1208 3980 1241 4033 14
1260 3982 1288 4033 et

135 4080 189 4119 222.
210 4064 393 4119 SMRBNA¹
474 4068 506 4121 15
526 4082 589 4120 area
607 4066 836 4120 SMRBNPAX
854 4074 915 4122 arct
934 4068 962 4121 Z
1046 4069 1080 4123 16
1099 4068 1290 4123 commiscentur

134 4152 310 4208 SMRBM’
381 4154 414 4207 17
433 4154 578 4209 tollerandi
596 4155 625 4210 R
700 4156 732 4209 18
752 4155 950 4226 corrigienditl
1029 4158 1061 4211 19
1081 4157 1244 4229 segregandi
1262 4158 1290 4212 P

134 4243 172 4297 20
191 4243 349 4296 conuiuia·-
366 4244 394 4294 A
464 4244 621 4313 nuptiarum
639 4259 691 4299 our.
711 4244 743 4298 3¹
806 4245 841 4299 22
859 4245 1049 4314 patrifamilias
1068 4246 1096 4300 P
1154 4247 1188 4301 23
1208 4246 1287 4301 semi·

134 4335 272 4386 uenerunt
290 4328 417 4385 SMde
468 4333 503 4386 24
522 4338 555 4387 22
572 4333 600 4389 R
672 4334 789 4389 seminat
808 4334 947 4390 SMRBA
