3109 4959
525 400 665 449 contra
691 394 938 450 mendacium
1233 392 1297 459 503

149 608 221 652 cum
258 589 365 671 potius
403 587 574 654 debeamus
612 592 644 653 ct
679 590 711 655 iu
748 586 916 655 latentium
955 589 1103 655 cordibus
1137 590 1298 655 destruere

147 696 306 760 falsitates
335 714 429 778 quam
457 694 613 778 parcendo
641 696 839 761 falsitatibus
862 696 1004 761 inuenire
1027 696 1167 761 fallaces,
1205 714 1297 779 porro

147 802 230 866 inter
256 802 313 866 illa
340 802 491 885 dogmata
518 822 637 881 eorum,
666 822 747 886 quae
770 804 985 868 subuertenda
1009 806 1094 880 sunt,
1118 804 1214 869 etiam
1238 804 1297 867 hoc

147 912 198 973 ost
219 909 332 990 utiquo
355 908 440 991 quod
464 908 690 993 dogmatizant,
715 908 755 973 ad
779 908 1000 975 occultandam
1024 910 1209 994 religionem
1227 909 1297 973 roli-

114 1014 256 1097 agiosos
280 1014 393 1079 dobere
416 1016 552 1092 mentiri,
576 1016 607 1080 in
631 1019 757 1081 tantum
781 1020 900 1082 utnon
926 1018 1029 1081 solum
1055 1017 1092 1081 de
1113 1017 1183 1082 aliis
1202 1016 1297 1081 robus

147 1120 189 1185 ad
211 1121 385 1185 doctrinam
408 1122 572 1206 religionis
595 1142 656 1187 non
680 1121 923 1205 pertinentibus,
949 1124 1003 1187 sod
1029 1122 1066 1187 do
1084 1124 1155 1205 ipsa
1173 1141 1298 1207 quoque

145 1226 301 1311 religiono
338 1227 552 1293 mentiendum
590 1228 644 1307 sit,
676 1248 714 1293 ne
747 1231 892 1312 patescat
924 1229 1046 1307 alienis,
1078 1232 1116 1294 ut
1147 1227 1299 1293 uidelicet

146 1333 311 1417 negandus
340 1335 383 1398 sit
410 1334 567 1411 Christus,
592 1352 653 1416 quo
682 1334 787 1417 possit
813 1333 897 1400 iuter
922 1334 1068 1399 inimicos
1097 1354 1172 1400 suos
1200 1336 1297 1399 latere

148 1442 351 1506 christianus.
374 1441 472 1506 etiam
495 1442 565 1517 hoc,
591 1442 722 1507 obsecro
745 1445 788 1520 te,
808 1442 923 1527 dogma
941 1440 1063 1522 inpium
1082 1440 1298 1521 nefariumque

103 1575 129 1613 ιο
148 1548 312 1625 subuerti,
330 1551 459 1631 propter
477 1549 561 1631 quod
581 1549 785 1612 astruendum
806 1545 1298 1633 argumentantesdescriptoris

147 1654 306 1739 colligunt
332 1654 526 1731 testimonia,
555 1654 670 1736 quibus
699 1654 866 1718 uideantur
894 1674 955 1719 non
979 1656 1082 1719 solum
1107 1654 1300 1739 ignoscenda

147 1761 203 1825 uel
223 1760 396 1839 toleranda,
420 1779 530 1825 uorum
555 1762 588 1825 et
609 1760 791 1826 honoranda
813 1760 986 1828 mendacia.
1007 1760 1046 1826 ad
1064 1764 1096 1826 te
1113 1761 1213 1845 igitur
1231 1781 1298 1844 por·

146 1867 241 1943 tinet,
274 1870 394 1931 sectam
421 1867 641 1932 detestabilem
670 1886 742 1932 cum
770 1866 900 1945 refellis,
929 1866 975 1932 sio
1004 1866 1186 1949 accipienda
1213 1887 1299 1932 mon·

148 1977 250 2038 strare
265 1973 328 2038 ista
340 1974 525 2039 testimonia
539 1973 776 2057 scripturarum,
792 1976 830 2037 ut
848 1974 901 2038 uel
921 1972 1033 2038 doceas
1049 1992 1110 2039 non
1130 1992 1200 2039 essa
1220 1992 1298 2057 quae

101 2108 128 2147 15
147 2082 304 2164 putantur
322 2098 393 2144 esse
412 2080 585 2155 mendacia,
606 2080 634 2144 si
653 2099 689 2145 eo
713 2080 808 2145 modo
832 2080 1066 2163 intellegantur,
1091 2098 1153 2161 quo
1177 2080 1298 2145 intelle-

148 2186 254 2271 genda
276 2190 361 2263 sunt,
386 2188 437 2252 uel
461 2187 616 2251 imitanda
638 2205 698 2251 non
723 2204 794 2252 esse
813 2187 909 2251 etiam
929 2205 1008 2268 quae
1027 2187 1230 2251 manifestum
1249 2190 1299 2251 est

147 2312 221 2357 esso
240 2292 413 2371 mendacia,
432 2294 486 2357 uel
504 2296 589 2356 certo
604 2292 643 2356 ad
658 2296 833 2357 extremum
850 2292 887 2357 do
902 2292 952 2357 his
968 2294 1081 2357 saltem
1098 2293 1202 2365 rebus,
1218 2311 1298 2374 quac

147 2400 190 2463 ad
205 2398 379 2464 doctrinam
398 2398 561 2481 religionis
579 2400 747 2482 pertinent,
763 2399 850 2465 nullo
871 2400 964 2465 modo
984 2418 1054 2463 esso
1072 2399 1298 2464 mentiendum.

147 2508 197 2571 sio
221 2507 305 2572 enim
331 2526 403 2571 usrs
427 2506 572 2572 funditus
596 2510 791 2585 euertuntur,
816 2507 892 2572 dum
921 2507 1083 2585 auertitur,
1111 2506 1166 2571 ubi
1196 2506 1298 2571 deliti-

99 2644 128 2683 ao
147 2616 259 2677 scunt:
283 2617 320 2678 ut
343 2633 379 2678 eo
403 2614 474 2697 ipso
493 2613 623 2678 minime
642 2614 784 2678 sectandi
804 2617 837 2678 et
854 2614 988 2678 marimo
1008 2613 1141 2679 cauendi
1159 2613 1298 2677 iudicen-

146 2724 212 2795 tur,
240 2740 302 2803 quo
331 2738 365 2784 so
393 2721 432 2785 ad
460 2720 680 2784 occultandam
709 2720 865 2784 haeresim
894 2740 985 2785 sunm
1013 2720 1201 2803 profitentur
1228 2738 1297 2783 esse

146 2826 329 2891 mendaces.
367 2828 427 2892 hoo
454 2827 485 2891 in
511 2828 557 2892 eis
581 2834 631 2891 est
652 2827 801 2911 primitus
826 2827 1081 2912 expugnandum,
1106 2827 1165 2893 hoc
1189 2844 1296 2891 eorum

146 2934 241 2998 uelut
263 2932 411 2997 idoneum
435 2934 668 2998 munimentum
692 2932 836 2998 ueritatis
862 2934 979 2999 ictibus
1003 2933 1178 2999 feriendum
1202 2936 1297 3014 atquo

146 3038 359 3104 deiciendum.
401 3057 458 3104 nec
491 3038 536 3103 eis
569 3057 665 3121 quam
696 3057 758 3103 non
791 3038 958 3117 habebant,
987 3039 1050 3103 alia
1076 3039 1206 3115 latebra,
1235 3056 1297 3119 qno

187 3317 379 3387 ldebeamus]
402 3316 551 3371 habeamus
574 3316 600 3370 V
686 3318 704 3370 2
727 3316 844 3370 inueniri
864 3318 896 3387 βγ
985 3318 1003 3370 4
1027 3316 1209 3369 docmatizant
1232 3315 1297 3369 Teo

147 3406 314 3462 occultanda
335 3406 370 3459 T¹
389 3404 578 3459 occultandum
603 3402 656 3474 T2s
736 3405 1040 3472 religionem-tantum
1059 3420 1110 3457 ona.
1133 3403 1159 3457 Τ
1236 3402 1298 3457 reli·

146 3497 243 3565 giosua
265 3491 359 3549 caFL
408 3494 584 3562 (irreligionis
603 3508 654 3547 om.
670 3492 724 3546 Fu
796 3491 1117 3559 scd(dm.2s.l.)1t
1171 3491 1298 3545 laidas·

144 3584 215 3638 licet
236 3582 278 3636 oa
339 3584 438 3636 8auos
457 3581 545 3648 cunii
609 3582 808 3636 9christianos
831 3581 900 3635 Tou
965 3582 998 3635 10
1017 3584 1108 3650 porter
1128 3582 1169 3635 Cla
1251 3581 1297 3634 ad·

145 3670 345 3742 struendum?
403 3672 436 3724 12
454 3671 499 3724 uel
516 3670 660 3725 toleranda
678 3687 763 3739 οηιγ
837 3669 1022 3740 tollerandao
1079 3671 1113 3723 14
1131 3670 1185 3723 ista
1204 3686 1255 3723 om.
1275 3670 1300 3721 V

144 3758 373 3815 non-imitanda
391 3776 442 3813 om.
466 3758 493 3813 V
541 3760 574 3814 15
594 3776 652 3813 coac
672 3776 723 3813 om.
738 3758 807 3830 Fue
881 3758 1109 3830 intellegunturo
1163 3758 1195 3811 16
1214 3759 1298 3811 mani-

144 3850 305 3904 factasunt
327 3848 354 3901 V
420 3850 452 3903 17
472 3850 631 3918 extremum]
652 3847 778 3901 ultimum
796 3845 852 3900 Fu
922 3846 965 3900 uis
984 3850 1008 3911 (a
1027 3864 1047 3900 c.
1068 3847 1133 3917 llo
1208 3846 1297 3899 saltim

148 3935 232 3992 Cer²
248 3954 300 3994 om.
324 3937 350 3990 V
438 3937 471 3991 19
491 3935 630 3990 sic—dum
649 3953 737 4007 om
824 3935 999 3989 delictiscunt
1017 3936 1054 3989 Μ
1071 3934 1238 3989 dilictiscunt
1260 3936 1297 3990 Clo

144 4026 314 4081 delitescunt
332 4023 507 4097 navarent
550 4026 584 4079 20
603 4025 641 4095 et]
661 4024 709 4079 sed
733 4025 760 4078 V
798 4026 830 4078 21
852 4024 1027 4079 occulendam
1046 4024 1128 4095 MVg
1183 4023 1298 4078 heresim

142 4114 300 4185 RTFLOs
388 4114 532 4169 mendaces
551 4132 610 4169 esse
629 4114 836 4184 profitenturV
905 4132 934 4167 so
954 4113 1048 4182 esset
1121 4114 1155 4167 23
1176 4112 1302 4167 ueludV

144 4209 316 4260 momentum
337 4204 364 4257 Τ
379 4211 548 4258 momentum
571 4204 612 4258 Gt
629 4205 767 4257 munimen
786 4202 840 4257 FL
912 4202 1033 4257 hictibus
1055 4202 1081 4254 Τ
1146 4203 1180 4257 24
1199 4218 1251 4273 que
1275 4200 1301 4253 V

143 4292 269 4347 habeant
290 4292 313 4346 0
331 4291 470 4359 habent?
541 4292 662 4347 latrcbra
683 4292 709 4345 T
