3109 4959
579 449 620 503 de
648 450 850 504 mendacio
1226 455 1289 519 427

136 641 171 705 in
196 660 298 715 oarna,
323 640 457 723 quidsi
478 642 574 707 etiam
593 642 677 707 furto
697 646 816 721 nostro,
837 642 923 725 qnid,
944 642 971 707 si
991 644 1146 709 adulterio
1165 644 1291 709 liberari

135 748 245 831 possit
271 747 386 830 aliquis
415 748 453 812 da
481 751 604 814 morte?
626 748 739 813 ideone
766 748 935 813 furandum
965 754 1016 815 est
1043 754 1099 815 aut
1125 753 1292 815 moechan-

138 852 239 918 dum?
276 855 422 919 nosoinnt
450 854 532 919 enim
561 853 601 919 ad
628 855 689 921 hoo
711 874 746 920 so
770 873 893 940 eogere,
918 860 964 934 ut,
990 857 1017 923 si
1040 859 1189 940 laqueum
1213 858 1294 923 forat

136 960 235 1025 homo
259 962 292 1025 et
314 964 461 1044 stuprum
484 963 583 1043 petat,
607 961 807 1041 confirmans,
831 962 916 1045 qnod
940 962 1001 1027 sibi
1026 963 1144 1029 collum
1166 964 1291 1048 ligabit,

104 1067 204 1131 anisi
236 1068 265 1132 ei
293 1068 494 1144 ooneedatur‚
519 1068 605 1150 qnod
626 1069 718 1149 petit,
748 1069 964 1134 consentiatur
990 1074 1119 1153 propter
1146 1070 1292 1147 animam,

138 1174 227 1239 sieut
253 1174 315 1256 ipsi
344 1174 464 1253 dionnt,
486 1174 693 1240 liberandam.
726 1176 861 1258 quodsi
887 1175 1060 1241 absurdum
1083 1180 1116 1241 ot
1138 1177 1294 1242 nefarium

139 1284 202 1357 ost,
232 1299 288 1344 our
315 1280 452 1345 animam
476 1299 567 1345 snam
591 1282 727 1364 quisque
749 1281 914 1347 meudaoio
939 1285 1131 1366 corrumpat,
1154 1285 1191 1347 ut
1215 1283 1294 1347 altar

138 1386 233 1451 uiuat
258 1386 291 1452 in
320 1405 460 1470 torpore,
483 1406 569 1465 oum,
593 1388 622 1451 si
645 1407 740 1452 sunm
764 1406 879 1471 eorpus
903 1391 1069 1472 propterea
1093 1406 1293 1470 corrumpen-

139 1492 220 1557 dum
247 1492 346 1571 daret,
374 1493 516 1559 omnium
538 1494 657 1559 iudicio
680 1493 818 1558 nefariae
841 1494 1048 1578 turpitudinis
1073 1494 1294 1559 damnaretur?

93 1624 119 1661 ιο
138 1598 273 1681 proinde
300 1619 360 1665 non
389 1603 438 1665 ost
464 1600 497 1665 in
523 1599 587 1664 ista
614 1600 799 1681 quaestione
828 1600 1071 1675 adtendendum,
1100 1601 1163 1665 nisi
1185 1605 1294 1665 utrum

139 1706 296 1789 iniquitas
315 1706 359 1770 sit
376 1706 588 1772 mendacium
612 1706 698 1789 quod
718 1725 792 1772 eum
812 1724 907 1789 supra
926 1708 1181 1773 commemoratis
1200 1707 1295 1772 doon·

139 1813 260 1878 montis
283 1815 452 1891 asseratur,
476 1812 649 1878 uidendum
673 1816 724 1878 est
744 1813 792 1878 ita
815 1815 932 1896 quaeri,
957 1817 1065 1879 utrum
1084 1832 1140 1897 pro
1164 1814 1295 1879 alterius

140 1920 249 1984 salute
280 1918 407 1983 mentiri
434 1918 550 2001 aliquis
579 1919 702 1997 debeat,
731 1938 767 1983 ao
802 1919 829 1983 si
859 1923 1070 2002 quaereretur,
1103 1922 1210 1984 rrtrum
1238 1940 1295 2003 pro

141 2026 275 2090 alterius
308 2026 412 2089 salute
443 2025 572 2108 iniquus
606 2044 677 2090 esse
706 2024 822 2106 aliquis
852 2025 974 2092 debeat.
1004 2026 1088 2108 quod
1117 2026 1145 2091 si
1172 2026 1297 2109 respuit

94 2154 122 2193 ιε
142 2132 268 2197 animae
292 2132 390 2207 salus,
414 2150 495 2215 qnae
516 2151 578 2195 non
602 2134 709 2213 potest
732 2132 795 2196 nisi
819 2132 979 2215 aequitate
1003 2132 1134 2211 seruari,
1154 2134 1187 2197 et
1206 2151 1239 2197 aa
1259 2137 1297 2197 nt

140 2255 374 2322 praeponamus
410 2256 471 2300 non
510 2236 615 2301 solum
650 2236 794 2313 alterius,
823 2237 879 2302 sed
913 2236 1008 2302 etiam
1040 2240 1165 2302 nostrae
1198 2238 1296 2302 saluti

140 2344 312 2426 temporali
335 2344 435 2419 iubat,
459 2342 535 2425 qnid
558 2345 668 2421 restat,
693 2343 851 2426 inquiunt,
878 2363 939 2426 quo
960 2342 1104 2409 dubitare
1124 2344 1296 2409 debeamus

141 2470 318 2533 numquam
336 2450 463 2515 omnino
482 2469 554 2515 esse
571 2449 810 2517 mentiendum?
834 2468 894 2515 non
915 2450 998 2515 onim
1018 2450 1081 2515 dioi
1099 2454 1205 2534 potest
1224 2468 1296 2515 essa

142 2556 266 2640 aliquid
302 2556 334 2621 in
365 2556 596 2639 temporalibus
629 2556 805 2621 commodis
838 2556 942 2621 salute
975 2575 1010 2621 ao
1042 2556 1111 2621 nita
1143 2556 1297 2639 corporali

95 2688 125 2727 ao
143 2664 249 2729 maius
277 2667 334 2727 aut
361 2663 476 2727 eamus,
513 2660 597 2727 unde
621 2662 648 2726 si
671 2680 729 2727 nea
752 2662 822 2745 ipra
844 2662 1063 2745 praeponenda
1085 2665 1135 2728 ast
1157 2662 1296 2741 ueritati,

143 2770 224 2855 qnid
251 2769 335 2835 obioi
362 2772 470 2851 potest
495 2773 625 2851 propter
651 2769 737 2851 quod
759 2769 977 2833 mentiendum
1002 2788 1072 2833 ease
1095 2768 1296 2847 contendant,

144 2877 202 2961 qni
226 2875 394 2959 aliqnando
418 2878 533 2960 putant
555 2879 700 2958 oportere
723 2876 873 2941 mentiri?

192 2982 262 3048 VII.
289 2986 339 3047 10.
364 2981 525 3047 Pudicitia
548 2983 665 3065 qnippe
689 2982 830 3063 eorporis
854 2982 928 3063 quin
955 2982 1093 3046 multum
1121 2980 1298 3047 honorabili

143 3108 280 3173 persona
301 3089 430 3155 uidetur
449 3108 611 3155 occurrere
632 3092 664 3153 at
681 3108 738 3171 pro
758 3108 792 3153 se
811 3088 954 3173 flagitare
972 3086 1183 3165 mendacium,
1203 3089 1249 3163 nt,
1270 3087 1298 3151 si

97 3218 128 3260 aa
145 3198 309 3279 stuprator
325 3196 441 3273 inruat,
460 3196 516 3278 qui
532 3194 637 3279 possit
653 3194 819 3259 mandacio
843 3194 987 3271 deuitari‚
1008 3194 1076 3259 sine
1100 3193 1297 3259 dubitatione

145 3302 363 3368 mentiendum
392 3302 445 3380 sit,
473 3301 567 3367 laoilo
594 3300 776 3383 responderi
804 3303 912 3384 potest
938 3299 1058 3365 nnllam
1084 3318 1154 3365 esse
1177 3300 1298 3382 pudioi-

145 3409 225 3473 tiam
250 3409 401 3491 eorporis,
426 3408 487 3472 nisi
511 3407 549 3472 ab
573 3407 754 3491 integritate
779 3406 877 3471 animi
899 3405 1049 3488 pendeat:
1074 3425 1137 3488 qua
1155 3404 1299 3486 disrupta

146 3516 242 3581 cadat
275 3534 405 3580 neeesse
438 3518 498 3591 est,
532 3513 658 3579 etiamsi
684 3514 805 3579 intacta
832 3511 989 3593 uideatur,
1019 3515 1051 3577 et
1078 3511 1147 3576 ideo
1177 3531 1236 3576 non
1266 3511 1297 3573 in

182 3723 200 3775 2
219 3724 313 3791 posset
329 3721 376 3790 db
465 3720 644 3775 mechaudnm
662 3720 744 3789 MR?
763 3718 940 3774 moeoandum
959 3720 990 3773 E
1077 3720 1094 3773 6
1112 3718 1245 3773 nefarium
1266 3734 1298 3772 ex

143 3811 328 3867 necessarium
347 3810 378 3865 E
431 3810 634 3879 lqnisqnaep
708 3812 884 3879 eorurupatp
939 3808 1120 3877 8proptqrpa
1138 3808 1168 3879 (s.
1189 3806 1205 3861 l.
1225 3810 1300 3860 m.2

144 3899 222 3970 ideo)
239 3899 270 3954 E
285 3899 383 3967 ideoss
439 3898 699 3969 9danrpnaretnrp
756 3898 788 3951 11
807 3898 964 3951 memoratis
983 3895 1029 3951 M¹
1085 3897 1118 3950 12
1137 3898 1300 3949 ulrum-14

145 3986 413 4042 debeatomm'ar‘n
430 3984 623 4055 mp.m.2F
712 3984 745 4038 13
765 3982 1003 4039 ao-debeatom.
1022 3982 1085 4037 MR
1171 3984 1204 4035 15
1224 3986 1299 4035 etse

144 4092 198 4131 om.
219 4074 309 4130 SFE¹
377 4075 409 4129 17
430 4074 494 4145 quo]
514 4073 586 4143 qnod
605 4073 696 4144 quds
765 4074 799 4126 18
818 4087 988 4142 nonquamq
1061 4088 1120 4125 asse
1138 4087 1190 4125 om.
1210 4069 1298 4124 SFE¹

145 4182 207 4219 esse
221 4162 378 4234 fimanass
429 4165 461 4218 21
484 4162 595 4233 quodS
643 4164 677 4217 23
696 4159 828 4231 pudicitia
849 4159 865 4228 β
884 4160 1032 4231 pudicitiae
1051 4158 1131 4215 E’od
1183 4160 1299 4213 honora·

144 4254 211 4309 bilis
231 4253 302 4324 flqbd
354 4255 389 4308 25
408 4253 541 4307 sine-sit
559 4268 611 4306 om.
632 4252 657 4321 β,
676 4250 739 4320 (dcl.
759 4267 794 4303 m.
815 4253 844 4315 2)
865 4250 908 4320 Ep
963 4250 997 4303 26
1017 4248 1178 4318 pudicitiam
1200 4264 1258 4301 esse
1273 4246 1304 4300 F

145 4344 182 4398 2‘1
201 4342 311 4412 dirupta
330 4340 420 4413 12qu
439 4341 563 4411 diorupta
581 4341 611 4394 Ε
663 4341 698 4394 28
716 4339 745 4391 in
765 4356 817 4396 om.
837 4339 874 4392 M
