3109 4959
595 1113 971 1224 PRAEFATIO.

257 1470 343 1566 (lum
374 1496 433 1561 hoc
464 1496 614 1559 uolumen
647 1493 803 1558 edendum
832 1494 1036 1577 susciperem,
1061 1493 1247 1559 collationes
1276 1492 1355 1556 mihi

210 1605 345 1669 traditae
364 1605 448 1679 sunt,
469 1620 600 1684 quarum
619 1620 772 1683 unapars
793 1600 832 1665 ad
850 1602 876 1665 Ι.
891 1602 997 1685 Eggar
1015 1605 1174 1666 auctorem
1195 1599 1357 1665 referenda

211 1713 270 1789 est,
294 1710 426 1773 alteram
451 1706 632 1775 Guilelmus
657 1707 694 1772 de
717 1707 829 1771 Hartol
853 1706 901 1771 illi
924 1726 980 1790 per
1002 1708 1110 1771 uarios
1133 1706 1220 1770 uiros
1245 1706 1355 1771 doctos

212 1815 436 1882 conficiendam
467 1817 641 1880 curauerat.
671 1816 766 1896 atque
794 1814 820 1878 Ι.
844 1814 950 1898 Egger
972 1814 1030 1877 hos
1056 1813 1179 1879 codices
1205 1814 1354 1879 contulit:

212 1922 279 1988 cod.
303 1922 514 1986 Veronensem
539 1920 686 1984 XXXIII.
711 1920 764 1998 31,
789 1918 856 1984 cod.
880 1918 1060 1983 Palatinum
1084 1919 1356 1997 2111111111-

212 2047 325 2094 canum
348 2028 559 2111 Reginensem
583 2026 647 2091 318
673 2023 725 2109 (de
749 2025 912 2109 patientia,
938 2025 976 2090 da
1004 2026 1124 2108 nuptiis
1153 2030 1185 2090 et
1208 2028 1356 2110 concupi-

212 2132 356 2219 scentia),
381 2133 449 2198 cod.
473 2132 663 2197 Vaticanum
687 2133 750 2195 512
775 2131 827 2214 (de
851 2130 1037 2195 adulterinis
1061 2130 1245 2217 coniugiis);
1269 2152 1355 2216 prae-

212 2244 297 2307 terea
330 2242 435 2322 partes
470 2242 502 2303 et
533 2238 667 2302 maiores
701 2242 733 2301 et
765 2238 912 2301 minimas
945 2238 1091 2302 codicum
1120 2237 1355 2303 Cassinensium

214 2348 287 2412 163.
320 2348 393 2411 165.
425 2346 497 2409 168.
531 2345 605 2407 170.
641 2344 704 2407 173
738 2343 940 2408 examinarit.
974 2343 1100 2407 codices
1132 2343 1355 2409 Bruxellenses

215 2451 494 2518 1716-18111.
519 2449 664 2526 Kalinka,
690 2449 831 2515 codicem
857 2448 1086 2514 Carnutensem
1111 2451 1174 2513 104
1198 2450 1282 2514 Emil
1308 2450 1356 2516 W.

215 2558 389 2635 Schreiber,
415 2557 556 2623 codicem
575 2556 848 2637 Petropolitanum
867 2556 936 2620 Lat.
957 2556 994 2637 Q,
1014 2556 1053 2620 V.
1071 2557 1095 2620 Ι.
1115 2558 1135 2619 3
1154 2556 1356 2641 Kreissberg‚

214 2665 355 2730 codicem
378 2664 565 2729 Leidensem
594 2662 816 2727 98111111
839 2663 1044 2747 comparauit.
1068 2682 1147 2745 qnae
1170 2664 1241 2729 aliis
1266 2664 1356 2729 debe·

213 2774 306 2836 antur
330 2772 481 2835 1111111
506 2767 717 2833 adnotabituu
741 2772 902 2852 postremo
927 2770 1005 2833 baec
1027 2768 1107 2833 mihi
1131 2769 1244 2833 addere
1267 2769 1356 2834 libet.

214 2896 286 2941 cum
301 2875 484 2941 testimonia
504 2873 648 2939 codicum
669 2877 798 2938 centum
816 2875 986 2959 nonaginta
1004 2876 1100 2938 trium
1120 2875 1159 2939 ad
1177 2874 1358 2958 refingenlda

213 2983 311 3047 uerba
334 2981 561 3059 adhibuissem,
586 2979 730 3063 diligenti
750 2980 962 3062 descriptione
985 2982 1182 3066 singulorum
1203 2982 1356 3047 librorum

214 3108 308 3152 manu
342 3087 531 3170 scriptorum
563 3087 684 3150 factum
718 3090 813 3163 esset,
846 3090 883 3151 ut
914 3105 1032 3152 nouum
1069 3090 1220 3152 uolumen
1253 3088 1357 3153 exiret.

216 3214 310 3278 quare
342 3197 379 3258 ut
412 3197 444 3259 et
476 3192 626 3257 breuitati
659 3196 690 3255 et
722 3192 943 3276 perspicuitati
969 3194 1191 3275 prospicerem,
1219 3196 1265 3260 ita
1290 3215 1356 3261 rem

214 3300 349 3375 institui,
373 3303 411 3364 ut
433 3298 618 3381 potissimos
643 3297 767 3363 codices
791 3298 884 3381 plura
907 3300 1061 3381 opuscula
1083 3301 1278 3367 continentes
1302 3303 1359 3367 ubi

215 3408 351 3491 primum
391 3404 657 3469 commemorandi
694 3408 783 3469 erant
818 3405 958 3470 breuiter
995 3406 1214 3485 describerem,
1246 3412 1359 3491 postea

215 3513 342 3579 lectoris
371 3513 508 3576 animum
539 3512 579 3576 ad
608 3530 661 3576 eos
686 3511 893 3579 aduerterem.
923 3512 1007 3594 quod
1030 3512 1158 3595 quidem
1181 3534 1241 3579 non
1266 3516 1358 3580 credo

215 3618 293 3682 mibi
318 3616 440 3682 crimini
463 3618 540 3682 fore.
565 3622 659 3700 atque
680 3618 806 3683 codices
825 3618 888 3700 ipsi
907 3618 1033 3703 singula
1052 3638 1146 3701 opera
1164 3620 1359 3685 continentes

214 3724 261 3789 111
288 3728 364 3789 1111
391 3724 572 3806 comparati,
597 3729 634 3788 ut
662 3724 791 3789 nonsit
818 3725 996 3808 negandum
1019 3724 1051 3789 in
1076 3726 1239 3807 opusculis
1262 3728 1358 3791 huius

216 3830 388 3895 uoluminis
418 3830 456 3893 de
483 3830 545 3893 fide
575 3833 606 3894 et
634 3830 788 3913 symbolo,
813 3830 851 3894 de
874 3830 936 3894 tide
960 3833 992 3895 et
1015 3832 1174 3914 operibus,
1198 3832 1236 3897 de
1260 3853 1359 3917 agone

217 3936 399 4013 christiano,
428 3935 465 4000 de
494 3935 575 4002 bono
605 3935 774 4019 coniugali,
800 3938 839 4000 de
862 3941 971 4001 sancta
998 3937 1192 4022 uirginitate,
1216 3939 1254 4002 de
1278 3941 1358 4005 bono

216 4041 395 4120 uiduitatis,
424 4041 461 4106 de
490 4061 582 4123 opere
610 4044 846 4109 monachorum.
876 4044 913 4107 de
942 4044 1136 4109 diuinatione
1160 4046 1359 4123 daemonnm,

217 4148 255 4211 de
279 4146 432 4231 patientia
455 4150 575 4211 textum
599 4146 756 4231 integrum
782 4150 909 4214 restitui
932 4150 1088 4231 possein
1108 4151 1234 4233 scriptis
1254 4155 1359 4217 antem

218 4254 255 4318 de
284 4254 485 4323 continentia,
511 4253 548 4317 de
578 4253 763 4319 adulterinis
793 4255 960 4339 coniugiis,
990 4257 1028 4320 de
1055 4256 1228 4335 mendacio,
1253 4261 1361 4324 contra
