3109 4959
287 432 351 495 462
649 429 676 483 S.
703 430 841 483 Aureli
868 429 1084 499 Augustini

286 624 402 709 plaudo
432 628 490 701 est,
516 624 572 689 sed
595 624 691 688 etiam
713 624 747 688 in
770 643 847 689 uero
877 624 1079 700 enuntiando,
1104 624 1190 709 quod
1217 625 1249 689 in
1279 644 1335 690 suo
1362 643 1438 707 qno·
1548 636 1549 639 ’

287 752 348 816 quo
380 752 485 796 rerum
523 749 635 815 genere
673 749 785 795 nerum
823 734 882 809 est,
922 735 955 795 et
990 751 1049 796 non
1089 732 1181 796 aliter
1217 731 1437 815 proferendam

287 858 340 905 ore
364 838 503 923 corporis
528 836 729 913 sententiam,
753 856 849 919 quom
871 838 904 902 in
929 839 1033 903 animo
1063 842 1216 922 concepta
1240 842 1333 921 atque
1366 857 1438 903 con·

286 949 396 1029 specta
419 948 478 1023 est,
502 948 540 1009 nt
561 944 637 1009 fidei
659 943 834 1011 ueridicam
856 944 1125 1026 pulchritudinem
1150 964 1212 1009 non
1237 946 1339 1010 solnm
1361 964 1437 1009 auro

285 1056 319 1118 et
337 1055 466 1136 argento
486 1055 519 1115 et
537 1051 672 1136 gemmis
693 1054 726 1115 et
744 1050 886 1115 amoenis
905 1051 1053 1132 praediis,
1073 1051 1130 1115 sed
1148 1054 1181 1116 et
1193 1051 1257 1134 ipsi
1270 1052 1438 1117 uniuersae
1466 1075 1476 1113 ε

284 1158 452 1242 temporali
489 1158 575 1222 uitae
613 1156 762 1239 omnique
796 1157 935 1239 corporis
967 1157 1049 1222 bono
1081 1162 1296 1241 praeponeret,
1328 1159 1438 1223 nescio

284 1270 393 1329 utrum
422 1264 582 1349 sapienter
605 1283 623 1328 a
646 1282 804 1345 quoquam
835 1282 935 1328 errare
965 1263 1122 1329 diceretur
1154 1266 1196 1341 et,
1225 1264 1252 1328 si
1278 1264 1338 1329 boc
1370 1266 1438 1329 suis

285 1372 433 1437 omnibns
469 1371 589 1435 talibus
625 1370 718 1435 rebus
756 1373 841 1435 recte
879 1371 1049 1435 anteferret
1079 1370 1244 1454 plurisque
1275 1370 1438 1453 penderet.

283 1481 370 1543 recte
393 1478 490 1543 etiam
516 1477 747 1561 temporalibus
768 1475 864 1541 rebus
889 1476 1023 1541 aliorum
1046 1476 1222 1553 bominum,
1246 1496 1325 1560 quos
1349 1477 1438 1542 inno·
1548 1480 1549 1529 t

285 1588 388 1651 centia
423 1584 700 1666 beniuolentiaque
737 1602 795 1648 sna
828 1602 953 1648 seruare
987 1587 1082 1665 atque
1115 1583 1263 1648 adiuuare
1296 1584 1437 1649 deberet.
1455 1610 1475 1649 n
1547 1538 1549 1611 ¹

285 1695 405 1756 amaret
436 1691 520 1755 enim
552 1690 725 1773 perfectam
756 1689 853 1755 fidem
881 1708 943 1755 non
973 1690 1078 1755 solum
1105 1690 1185 1754 bene
1214 1690 1361 1755 credendi
1393 1712 1436 1757 ee.

284 1817 366 1881 quac
394 1796 457 1862 sibi
484 1797 650 1862 excellenti
678 1800 711 1861 et
736 1796 799 1862 fide
827 1796 923 1881 digna
950 1797 1138 1863 auctoritate
1167 1796 1356 1874 dicerentur,
1384 1798 1437 1863 sed

285 1904 380 1969 etiam
417 1903 553 1968 fideliter
590 1903 785 1981 enuntiandi,
823 1922 904 1985 quae
941 1903 1010 1985 ipse
1048 1902 1179 1968 dicenda
1210 1902 1370 1969 iudicaret
1402 1926 1436 1970 nc

284 2011 413 2075 diceret.
445 2010 525 2075 fides
550 2011 633 2075 enim
661 2010 821 2093 appellata
844 2012 893 2075 est
916 2009 948 2073 in
972 2010 1070 2073 latine
1092 2009 1205 2095 lingua
1229 2030 1264 2075 er
1287 2030 1335 2089 eo,
1363 2013 1436 2095 quis

283 2117 320 2182 fit
344 2117 428 2200 quod
451 2117 582 2181 dicitur:
607 2136 702 2199 quam
725 2116 930 2181 manifestum
955 2119 1088 2181 estnon
1112 2118 1258 2183 exhibere
1281 2119 1473 2183 mention-1⁵
1548 2138 1549 2199 3

283 2228 359 2289 tem.
393 2242 474 2306 quae
498 2224 558 2288 etsi
580 2224 688 2288 minus
711 2223 861 2300 uiolatur,
887 2241 960 2286 cum
983 2222 1030 2287 ita
1054 2224 1188 2307 quisque
1211 2225 1376 2303 mentitur,
1400 2230 1435 2289 ut

285 2332 314 2396 ei
341 2331 429 2395 nullo
458 2329 657 2394 incommodo
686 2329 837 2411 nullaque
865 2329 1003 2412 pernicie
1033 2330 1179 2394 credatur
1207 2330 1313 2395 addita
1335 2332 1432 2395 etiam

282 2437 456 2503 intentione
479 2436 534 2500 nel
557 2436 671 2501 salutis
694 2436 829 2501 tuendae
853 2436 907 2500 uel
930 2435 1102 2517 pudicitiae
1126 2436 1309 2519 corporalis,
1333 2437 1432 2503 uiola·
1547 2494 1548 2499 ,

283 2549 336 2608 tur
357 2547 473 2620 tamen,
498 2547 530 2607 et
553 2561 603 2607 res
627 2542 766 2607 uiolatus
788 2543 820 2606 in
849 2542 946 2607 enimi
971 2542 1119 2607 castitate
1142 2545 1239 2625 atque
1262 2545 1432 2609 sanctitate
1547 2520 1548 2545 ¹

284 2650 447 2715 seruanda.
471 2649 555 2714 unde
579 2649 724 2732 cogimur
746 2667 808 2713 non
833 2649 978 2731 opinione
998 2647 1175 2725 hominum,
1194 2667 1275 2731 quae
1294 2649 1431 2732 plerum·
1447 2674 1468 2713 rc

283 2758 399 2839 quein
425 2774 528 2820 errore
553 2759 611 2832 est,
636 2754 692 2819 sed
715 2755 785 2839 ipsa
812 2773 892 2837 quae
921 2754 1068 2819 omnibus
1096 2754 1313 2836 supereminet
1335 2758 1431 2837 atque

283 2883 346 2927 nne
358 2863 572 2929 inuictissima
587 2864 636 2927 est
649 2861 784 2926 ueritate
800 2861 896 2925 etism
915 2860 1089 2943 pudicitiae
1104 2860 1243 2944 corporis
1257 2862 1428 2943 perfectam
1546 2928 1547 2953 ,

282 2968 377 3033 fidem
401 2972 600 3052 anteponere.
625 2970 676 3032 est
698 2968 779 3032 enim
800 2967 896 3031 animi
915 2968 1047 3032 castitas
1071 2986 1160 3031 emor
1182 2968 1347 3033 ordinatus
1371 2988 1430 3034 non
1546 2954 1547 2967 ¹

283 3076 422 3140 subdens
454 3075 575 3139 maiora
610 3074 797 3139 minoribus.
830 3074 936 3139 minus
974 3076 1025 3138 est
1061 3077 1179 3150 autem,
1212 3074 1367 3158 quidquid
1400 3076 1429 3139 in

282 3202 411 3265 corpore
444 3201 538 3264 quam
568 3180 721 3264 quidquid
748 3181 909 3245 inanimo
938 3180 1050 3244 uiolari
1078 3183 1193 3263 potest.
1231 3184 1317 3247 certe
1347 3182 1429 3247 enirn
1447 3210 1467 3246 e

283 3308 356 3354 curn
388 3308 443 3372 pro
475 3287 631 3372 pudicitia
659 3286 813 3369 corporali
841 3288 975 3369 quisque
998 3288 1160 3364 mentitur,
1184 3288 1276 3353 uidet
1303 3288 1430 3371 quidem
1545 3292 1546 3359 l

282 3393 510 3477 corrumpendo
543 3395 666 3477 corpori
699 3412 757 3459 suo
790 3412 851 3457 non
884 3412 986 3471 suam,
1020 3394 1075 3458 sed
1110 3394 1244 3459 alienam
1277 3395 1429 3459 inminere

281 3500 454 3579 libidinem,
484 3505 577 3565 cenet
603 3503 720 3577 tamen,
748 3518 786 3563 ne
816 3500 929 3563 saltem
953 3500 1164 3582 permittendo
1193 3502 1236 3565 sit
1259 3502 1429 3585 particeps.

319 3707 447 3775 letiam]
469 3708 497 3760 et
515 3706 567 3761 SF
653 3726 748 3763 nerum
766 3708 819 3763 Sl?
902 3710 967 3763 2et
985 3710 1013 3763 in
1032 3726 1084 3763 non
1104 3710 1182 3779 ofin
1268 3708 1430 3779 proferenda

281 3794 358 3864 Mn,
377 3795 537 3864 proferendo
555 3794 596 3848 P
667 3797 758 3867 3ore]
777 3801 854 3851 motu
873 3798 981 3869 pinpo
1058 3798 1196 3852 sententia
1213 3799 1292 3869 ofin
1367 3802 1428 3853 bet

276 3882 361 3949 prim.
380 3899 470 3950 enne
534 3884 684 3956 geminis-s
748 3886 882 3955 emenisp
955 3885 1003 3941 sed
1023 3888 1061 3957 et]
1083 3890 1165 3955 etque
1183 3886 1304 3956 MSR‘sp
1371 3889 1429 3941 uni·

281 3987 358 4026 nerse
376 3972 440 4025 MR
511 3972 654 4027 6boniS
736 3991 902 4045 praeponere
920 3974 976 4048 137¹
1062 3977 1094 4031 10
1113 3976 1362 4045 beneuolentieque
1381 3976 1431 4045 ptri

283 4061 316 4113 12
336 4060 510 4115 excellentS
616 4064 655 4130 et]
674 4080 707 4116 ac
725 4062 762 4133 Sp
865 4064 1020 4134 dediqnerp
1113 4066 1146 4119 13
1166 4080 1197 4119 sc
1217 4064 1319 4119 diceret
1336 4082 1427 4133 cmc

283 4149 316 4201 14
336 4149 410 4217 qnia]
430 4149 501 4217 quod
521 4152 560 4204 1¹¹¹
627 4152 846 4220 reniterent
916 4155 949 4208 19
969 4154 1088 4208 uiolatur
1106 4169 1192 4223 onep
1266 4154 1426 4225 2011ορ1-

281 4237 361 4291 nione
379 4242 410 4308 tp
501 4240 535 4293 22
559 4243 602 4293 est
620 4257 670 4294 om.
689 4240 721 4295 F
809 4243 843 4295 23
868 4245 1030 4311 anteponere
1049 4241 1077 4295 R
1167 4242 1203 4297 24
1222 4242 1353 4312 quicquid
1372 4242 1428 4299 SM

280 4327 314 4378 27
334 4328 520 4395 corrumpendi
539 4328 600 4383 SF¹
654 4330 689 4383 28
708 4331 798 4383 saltim
818 4330 914 4397 Meso
