3109 4959
285 469 351 530 444
643 468 669 521 S.
697 466 835 522 Aureli
863 467 1080 537 Augustini

284 664 396 728 auerti.
413 666 603 747 quapropter
621 664 649 728 ai
667 665 773 729 nescis
793 664 846 729 ubi
868 664 920 741 alt,
940 663 1028 728 nulla
1045 669 1096 728 eat
1114 680 1210 729 cauae
1229 638 1427 728 occultandae

284 756 441 847 ueritatis,
461 771 517 835 aed
536 774 568 834 te
585 770 708 836 nescire
725 772 890 837 utendum
904 774 962 835 est.
984 770 1012 835 si
1026 774 1133 835 autem
1148 770 1212 835 acie
1227 768 1348 848 ubisit,
1363 769 1427 834 siue

283 875 330 941 ibi
348 876 401 953 sit,
419 875 476 940 ubi
494 876 666 959 quaeritur,
686 877 757 941 siue
775 876 861 955 alibi,
877 896 938 943 non
954 880 1003 941 est
1018 876 1197 953 direndum,
1218 894 1291 941 cum
1310 874 1428 957 qnaesi-

281 985 353 1046 tum
375 982 481 1060 luerit,
505 987 612 1048 utrum
636 984 680 1047 ibi
705 983 749 1047 sit
770 1004 810 1048 an
835 1002 896 1049 non
921 984 977 1047 sit:
1006 1002 1067 1047 non
1092 982 1163 1048 dIco
1187 981 1274 1064 quod
1295 982 1427 1065 qnaeris,
1542 1050 1543 1071 ,

282 1088 341 1153 eod
365 1087 549 1154 dicendum:
573 1090 651 1168 ecio,
675 1090 807 1169 ubisit,
833 1090 889 1155 sed
907 1108 1078 1172 numquam
1098 1088 1290 1153 monstrabo.
1314 1089 1428 1153 namsi
1455 1114 1465 1152 s
1542 1076 1543 1095 4

283 1194 323 1259 de
342 1212 405 1261 uno
423 1196 494 1261 loco
514 1214 576 1260 non
595 1196 787 1280 respondeas
808 1194 839 1261 'et
857 1200 889 1261 te
908 1214 1055 1262 nonense
1073 1196 1274 1279 proditurum
1293 1194 1427 1271 fatearis,
1542 1236 1543 1243 κ

282 1301 347 1365 tale
370 1305 430 1381 eet,
454 1318 491 1365 ac
514 1302 542 1366 ei
566 1302 701 1366 eundem
727 1301 835 1366 locum
860 1300 960 1384 digito
986 1301 1149 1379 ostendam
1178 1302 1327 1366 mouetur
1349 1300 1427 1364 enim

283 1412 370 1472 certa
388 1408 539 1489 euspicio.
560 1408 588 1472 si
606 1412 713 1472 autem
732 1408 834 1491 prImo
854 1408 981 1473 fatearis
1000 1412 1033 1473 to
1053 1407 1133 1473 scire
1153 1408 1209 1471 ubi
1229 1407 1281 1483 sii,
1296 1406 1353 1470 sed
1371 1424 1426 1471 non

282 1512 398 1591 dicere,
416 1518 524 1596 potent
547 1514 682 1579 fortasse
706 1514 744 1579 ab
767 1514 823 1579 illo
842 1515 913 1581 loco
932 1514 1102 1597 inquisitor
1121 1509 1221 1579 auerti
1241 1516 1274 1577 et
1291 1512 1351 1577 tibi
1368 1512 1426 1575 iam

281 1619 475 1699 incumbere,
494 1623 533 1684 ut
550 1620 606 1685 ubi
626 1623 675 1685 eat
694 1623 762 1685 ate
781 1620 941 1704 prodatur.
960 1640 1017 1703 pro
1042 1638 1104 1703 qua
1127 1619 1188 1684 lide
1208 1621 1304 1702 atque
1323 1618 1426 1683 huma·
1444 1642 1462 1678 u

281 1726 382 1790 nitate
410 1725 565 1808 quidquid
588 1726 713 1791 fortIter
734 1728 858 1803 tuleris,
883 1745 944 1791 non
968 1728 1072 1791 solum
1097 1746 1159 1790 non
1182 1725 1352 1808 culpabile,
1375 1724 1425 1789 scd

282 1831 379 1896 ctiam
396 1832 556 1898 laudabile
574 1833 745 1910 iudicatur,
765 1834 903 1916 exceptis
923 1833 1087 1898 dumtaxat
1101 1832 1163 1910 hie,
1179 1822 1259 1914 quac
1275 1831 1303 1896 ai
1316 1848 1424 1913 passus
1543 1910 1544 1933 Χ

281 1937 379 2002 suant
400 1938 507 2021 homo,
531 1957 591 2003 non
616 1940 750 2015 fortiter,
769 1938 826 2004 eed
843 1938 992 2024 inpudice
1012 1956 1048 2003 ac
1066 1939 1201 2021 turpiter
1218 1938 1287 2020 pati
1305 1936 1422 2001 dicitur.
1543 1938 1544 2021 1

281 2045 342 2110 hoc
366 2048 416 2110 eet
438 2046 520 2109 enim
543 2046 694 2110 ultimum
716 2046 928 2123 mendacium,
952 2045 990 2109 de
1010 2062 1071 2127 quo
1090 2043 1279 2127 diIIgentiue
1298 2046 1423 2107 tracten-

282 2152 358 2216 dum
382 2155 439 2218 est.
1438 2174 1456 2212 ιε

279 2296 282 2302 ,
324 2258 429 2326 XIIII.
453 2260 507 2323 25.
531 2259 613 2323 Nam
637 2261 775 2341 primum
799 2263 849 2323 eet
872 2258 911 2323 ad
935 2258 1120 2324 enitendum
1144 2256 1281 2339 capitale
1304 2254 1422 2319 menda·

280 2364 365 2427 cium
394 2364 550 2449 longaque
573 2365 769 2450 fugiendum,
794 2364 879 2448 quod
902 2364 939 2429 fit
961 2365 993 2429 in
1017 2364 1160 2429 doctriua
1182 2362 1362 2447 religionis:
1388 2358 1422 2424 ad

281 2470 366 2552 quod
402 2471 601 2538 mendacium
641 2471 729 2537 nulla
761 2472 944 2538 condicione
976 2470 1144 2554 quisquam
1178 2470 1274 2535 debet
1306 2466 1421 2533 adduci.

281 2577 455 2642 secundum
487 2580 605 2655 autem,
634 2579 671 2642 ut
698 2578 837 2660 aliquem
864 2576 970 2643 laedat
995 2576 1130 2642 iniuste:
1164 2574 1249 2659 quod
1277 2575 1341 2639 tale
1368 2576 1421 2646 eet

281 2686 318 2745 ut
345 2685 379 2747 ot
405 2683 485 2747 nulli
513 2686 615 2765 prosit
642 2688 675 2749 ct
703 2684 788 2749 obsit
816 2684 922 2749 alleui.
959 2685 1100 2762 tertium,
1125 2682 1209 2766 quod
1232 2682 1280 2747 ita
1301 2680 1456 2765 prodesto

280 2789 383 2869 alieri,
419 2792 457 2855 ut
495 2791 580 2856 obsit
612 2791 712 2870 alteri,
746 2792 893 2873 quamuis
925 2811 986 2856 nou
1019 2792 1058 2856 ad
1089 2788 1314 2855 inmundItiam
1345 2784 1422 2851 obsit

280 2895 486 2976 corporalem.
510 2901 669 2979 quartum,
694 2896 778 2979 qnod
802 2896 840 2962 lit
862 2898 932 2961 sola
954 2897 1127 2961 mentiendi
1144 2894 1340 2977 fallendique
1357 2892 1421 2957 libi-
1544 2920 1545 2965 3

280 3000 363 3077 dine,
387 3001 472 3083 quod
495 3020 616 3066 merum
641 3001 840 3067 mendacium
865 3006 923 3069 est.
949 3002 1105 3085 quintum,
1125 3001 1210 3084 quod
1228 3000 1265 3063 lit
1284 2997 1420 3082 placendi
1544 2998 1545 3005 ’

280 3106 454 3188 cupiditate
478 3108 515 3172 de
539 3108 752 3191 suauiloquio.
783 3109 834 3173 hie
858 3108 1004 3174 omnibus
1028 3109 1155 3193 penilus
1179 3108 1310 3173 enitatis
1332 3108 1419 3187 atque

278 3213 405 3277 reiec’de
429 3214 576 3297 sequitur
597 3219 721 3280 eertum
744 3234 855 3298 genus,
880 3216 965 3299 quod
988 3218 1021 3281 el
1037 3216 1119 3281 nulli
1137 3214 1230 3280 obest
1248 3215 1281 3278 et
1298 3210 1419 3296 prodest
1433 3238 1455 3277 n

279 3318 389 3385 alicui:
413 3320 505 3386 uelut
527 3322 556 3385 ni
579 3321 737 3404 quispiam
760 3322 928 3405 pecuniam
952 3321 1087 3387 alicuius
1111 3322 1229 3387 iniuste
1253 3316 1418 3386 tollendam

279 3425 393 3505 sciens,
423 3428 476 3491 ubi
505 3428 558 3506 eit,
581 3428 701 3494 nescire
725 3449 759 3495 ee
782 3430 955 3494 mentiatur
978 3448 1179 3513 quocumque
1202 3428 1418 3511 interrogante.

315 3654 589 3734 {Icum-'dicendum
607 3656 640 3708 In
657 3672 707 3724 my.
726 3674 761 3711 m.
782 3660 829 3726 2γ
880 3654 1058 3712 5dicendum
1077 3660 1120 3709 est
1133 3656 1163 3710 F
1201 3652 1417 3725 dreepondeati

279 3744 294 3794 7
319 3742 457 3812 ostendas]
482 3743 650 3798 demonstres
673 3744 704 3799 F
811 3747 844 3800 10
867 3746 906 3799 ibi
930 3744 977 3799 ubi
994 3745 1023 3799 R
1046 3744 1092 3799 ubi
1116 3744 1162 3798 ubi
1181 3742 1248 3814 Μφ1
1353 3738 1418 3805 atS

279 3831 309 3882 ll
332 3830 460 3900 quiequid
478 3829 547 3900 cop
638 3832 712 3886 eolus
732 3832 761 3902 φ’
836 3832 869 3885 12
886 3832 1034 3903 indicatur]
1052 3832 1211 3903 uideatnrq
1287 3832 1320 3885 13
1337 3829 1415 3895 Inita*

278 3920 320 3986 ac]
341 3935 391 3973 auc
408 3911 446 3973 Μ
500 3920 532 3973 16
551 3918 729 3975 deuitandnm
747 3920 779 3975 F
793 3922 974 3991 uitandumq
1022 3922 1055 3977 18
1072 3921 1149 3976 nulla
1167 3920 1251 3975 debet
1269 3918 1414 3975 condicione

277 4008 392 4075 quisque
411 4007 508 4061 adduci
526 4008 591 4079 Eup
646 4012 678 4064 19
698 4014 789 4064 antem
807 4027 859 4067 om.
878 4010 942 4080 Eup
1004 4012 1171 4065 ut—-ininste
1191 4026 1242 4063 mu.
1262 4009 1348 4080 um,
1365 4003 1413 4059 del·

277 4098 309 4148 in
328 4096 359 4149 E
409 4096 444 4150 20
462 4098 549 4166 prosit
562 4100 653 4171 simp
717 4101 750 4153 21
766 4101 821 4169 fin.
841 4100 914 4154 obsit
933 4116 984 4154 ono.
1005 4100 1057 4155 SF
1112 4100 1146 4154 22
1166 4096 1274 4169 qnodfit
1291 4114 1339 4151 cn.
1355 4094 1413 4161 Jeep

277 4185 321 4254 fit]
344 4185 411 4253 sill
500 4187 535 4241 23
557 4186 725 4241 mendacium
751 4193 793 4241 eat
815 4204 951 4258 merumq
1060 4204 1161 4242 merum
1180 4190 1212 4259 (a.
1233 4188 1251 4244 I.
1270 4188 1284 4241 1
1301 4188 1370 4249 nero)
1386 4178 1416 4235 F

277 4272 313 4327 24
333 4276 361 4327 et
380 4273 412 4327 do
430 4274 462 4329 F
521 4276 600 4330 eueni
617 4276 711 4347 loquio
730 4276 754 4331 S
770 4276 848 4330 auaui
867 4278 975 4346 eloquio
992 4278 1091 4347 pmq
1154 4278 1267 4332 euitatia
1285 4274 1412 4346 pentimp

277 4362 442 4431 paenitus&
493 4366 528 4419 26
548 4364 811 4420 uelut-mentiatur
829 4383 879 4423 om.
899 4366 977 4437 Μγφ,
997 4367 1047 4421 del.
1067 4367 1096 4421 E
