3109 4959
284 414 349 475 520
642 409 669 463 S.
697 406 834 462 Aureli
862 406 1078 478 Augustini

282 622 333 667 me
355 607 508 669 reuocant
529 603 668 668 humana
690 606 900 669 contemnam.
929 604 985 669 sed
1008 604 1148 668 multum
1171 606 1231 675 est.
1256 606 1296 669 ut
1317 604 1380 669 iste
1404 603 1436 667 in
1548 674 1549 701 ¹

281 713 408 775 tantum
435 714 619 792 perseueret
645 710 789 789 affectus,
817 730 855 775 ne
882 711 915 774 iu
943 710 1152 795 temptatione
1180 709 1265 775 desit
1288 710 1437 776 effectus.
1548 708 1549 713 ’

282 835 339 881 nec
376 836 427 881 me
464 821 574 881 mouet
610 818 877 899 contemplantem
913 817 1110 881 luminosum
1141 817 1272 893 bonum,
1304 818 1339 881 in
1372 834 1436 898 quo
1548 828 1549 847 ¹

282 923 439 987 mendacii
467 924 615 988 tenebrae
638 924 744 989 nullae
768 927 852 1003 sunt
875 924 960 1006 quod
983 924 1074 989 nobis
1096 924 1224 989 mentiri
1248 922 1437 987 nolentibus

282 1032 316 1093 ot
338 1030 520 1095 hominibus
539 1050 615 1095 uero
635 1030 743 1095 audito
762 1032 970 1096 morientibus
988 1030 1149 1097 homicida
1166 1030 1284 1095 dicitur
1303 1032 1438 1094 ueritas.
1465 1050 1476 1088 s

281 1136 436 1219 numquid
468 1135 562 1218 enim,
591 1138 619 1202 si
647 1141 793 1219 stuprum
823 1140 948 1218 expetat
976 1137 1127 1220 inpudice
1150 1142 1182 1201 et
1209 1138 1241 1201 te
1269 1156 1334 1201 nou
1364 1154 1437 1201 con-

282 1244 438 1308 sentiente
465 1254 574 1309 saeuo
591 1262 695 1309 amore
722 1245 906 1327 perturbata
932 1244 1094 1320 moriatur,
1123 1243 1285 1309 homicida
1315 1236 1437 1308 erit'et

282 1351 437 1414 castitas?
475 1369 513 1414 an
550 1369 637 1428 uero,
670 1351 745 1433 quia
781 1351 934 1435 legimus:
974 1350 1131 1417 Christi
1169 1351 1299 1417 bouus
1338 1350 1438 1415 odor

283 1476 422 1521 sumus
445 1457 484 1521 in
508 1458 613 1522 omni
635 1459 738 1535 loco,
758 1462 798 1523 et
821 1459 858 1521 in
882 1458 946 1521 bis
971 1457 1039 1539 qui
1063 1456 1172 1521 salui
1195 1458 1308 1521 fiunt
1332 1462 1374 1522 et
1397 1458 1435 1521 in

283 1564 346 1627 his
371 1562 439 1646 qui
461 1568 645 1646 pereunt,
670 1565 767 1630 aliis
793 1563 952 1648 quidem
978 1566 1074 1631 odor
1098 1564 1211 1629 uitae
1230 1563 1268 1627 in
1293 1564 1477 1641 uitam‚n

282 1668 380 1735 aliis
413 1674 546 1735 autem
583 1672 680 1736 odor
710 1672 856 1735 mortis
889 1672 927 1735 in
960 1676 1139 1737 mortem.
1172 1672 1267 1735 etiam
1302 1670 1434 1735 odorem
1549 1726 1550 1771 q

283 1776 402 1840 Christi
424 1778 700 1861 pronuntiabimus
724 1777 938 1843 homicidam?
962 1779 1017 1843 sed
1041 1778 1116 1860 quie
1142 1776 1287 1843 homines
1319 1796 1434 1841 sumus

282 1888 315 1945 et
337 1903 394 1948 nos
418 1885 450 1947 in
474 1884 570 1949 huius
593 1884 681 1949 modi
704 1885 945 1967 quaestionibus
975 1888 1008 1950 et
1035 1882 1341 1949 contradictionibus
1369 1884 1435 1967 ple·
1549 1894 1550 1901 ’

281 2010 417 2074 rumque
439 1994 569 2075 superat
591 1996 647 2056 eut
669 1992 786 2077 fatigat
807 2011 920 2057 sensus
944 1993 1112 2069 humanus,
1130 1990 1202 2056 ideo
1226 2008 1300 2055 mox
1323 1994 1358 2055 et
1380 1990 1434 2053 ille

282 2100 434 2165 subiecit:
459 2100 566 2165 etad
590 2100 687 2165 haec
712 2100 1022 2183 quisidoneus?
1452 2118 1473 2159 n

327 2208 379 2271 37.
404 2206 476 2271 Huc
501 2206 624 2272 accedit
641 2244 685 2255 —
704 2207 759 2272 ubi
779 2207 992 2272 miserabilius
1013 2205 1193 2271 eiulondum
1214 2207 1266 2269 est
1283 2240 1330 2251 -
1349 2204 1434 2287 quod

282 2312 310 2375 si
331 2315 582 2379 concesserimus
606 2333 661 2396 pro
681 2315 785 2379 salute
804 2314 891 2379 illius
912 2315 998 2398 aegri
1017 2314 1056 2379 de
1075 2313 1144 2377 uita
1162 2310 1219 2376 lilii
1238 2312 1309 2375 eius
1333 2308 1434 2375 luisse

281 2418 507 2498 mentiendum,
531 2420 576 2483 ita
598 2420 754 2501 paulatim
771 2420 1017 2502 minutatimque
1037 2418 1214 2483 subcrescit
1230 2417 1293 2481 hoc
1312 2414 1432 2481 malum

282 2529 315 2589 ct
335 2525 486 2590 breuibus
506 2526 688 2591 accessibus
708 2525 746 2590 ad
764 2529 891 2591 tantum
911 2544 1059 2591 aceruum
1077 2524 1316 2589 mendaciorum
1336 2524 1434 2589 scele

280 2635 421 2696 satorum
453 2632 571 2697 sensim
604 2633 809 2697 subintrando
840 2632 1034 2716 perducitur,
1061 2636 1099 2695 ut
1124 2648 1301 2711 numquam
1329 2630 1434 2712 possit
1450 2645 1473 2683 υ

281 2738 408 2819 penitus
435 2739 581 2817 inueniri,
604 2740 660 2803 ubi
687 2743 796 2803 tentae
819 2740 904 2821 pesti
926 2758 983 2822 per
1005 2738 1136 2803 minime
1158 2736 1380 2801 additamenta
1401 2739 1432 2801 iu

279 2845 459 2910 inmensum
488 2846 723 2911 conualescenti
749 2846 854 2927 possit
882 2846 1005 2911 obsisti.
1042 2844 1126 2909 unde
1148 2843 1433 2925 prouidentissime
1550 2886 1551 2953 p

281 2953 436 3036 scriptum
464 2956 528 3017 est:
557 2952 625 3036 qui
652 2952 812 3017 modica
839 2953 1009 3035 spernit,
1033 2950 1234 3035 paulatim
1263 2950 1432 3017 decidit

370 3193 675 3262 811001.2,15.1o
731 3194 990 3263 1511001.2,16
1044 3196 1079 3251 23
1098 3194 1181 3249 Eccli.
1203 3194 1280 3259 19,1

318 3336 470 3391 lhumsnt
490 3336 514 3391 0
531 3354 631 3391 amana
651 3336 694 3391 Cb
771 3340 959 3407 contempnem
980 3338 1003 3393 0
1022 3340 1217 3407 contempnent
1238 3336 1265 3391 T
1336 3337 1433 3407 iper·

279 3429 418 3480 seueraret
439 3424 507 3479 Tou
614 3426 660 3479 uel
682 3425 769 3480 donec
792 3443 825 3480 nc
849 3430 892 3491 (ne
911 3428 943 3480 in
960 3444 1011 3496 usp.
1030 3444 1065 3481 m.
1085 3428 1115 3495 2)
1139 3425 1165 3479 V
1272 3426 1436 3482 effectusT

280 3516 359 3567 3me
377 3516 480 3584 mouet]
502 3518 628 3569 comouet
650 3515 677 3568 V
732 3515 878 3569 lmentiri
897 3514 993 3570 eno
1051 3518 1148 3570 deum
1166 3532 1233 3570 uoce
1250 3516 1433 3571 morientibus

280 3604 366 3658 codex
387 3603 410 3655 O
422 3603 527 3672 finitur
607 3604 746 3674 diceturq
837 3604 995 3673 dnunquid
1015 3604 1042 3657 L
1123 3604 1195 3658 enim
1215 3620 1266 3658 om.
1291 3604 1319 3657 V
1399 3606 1433 3660 sd

280 3697 403 3762 stuprum
421 3699 450 3746 te
470 3697 596 3763 expectet
618 3694 644 3747 V
696 3694 834 3763 lamere]
854 3695 942 3747 animo
961 3693 1048 3747 FLV
1117 3693 1235 3748 omicida
1256 3694 1296 3748 Ob
1351 3696 1432 3750 9η-

281 3780 414 3835 amusOb
476 3782 574 3836 mom.
595 3782 620 3833 V
696 3783 730 3836 iis
749 3782 800 3850 qod
880 3783 1033 3852 salui—qui
1053 3798 1104 3837 om.
1124 3781 1151 3836 V
1239 3783 1271 3837 ll
1292 3783 1334 3853 in]
1354 3784 1433 3837 edV

279 3874 365 3924 morte
388 3869 455 3923 Teo
525 3871 655 3925 hodorcm
677 3872 745 3926 Tou
801 3874 834 3926 12
852 3872 1086 3941 pronuntiauimus
1109 3870 1176 3925 Tot
1231 3873 1264 3926 13
1284 3872 1314 3926 in
1333 3890 1386 3927 oue.
1409 3873 1435 3927 V

280 3960 471 4027 questionibus
487 3958 528 4013 Ch
599 3965 628 4013 et
642 3960 901 4014 contradictionibus
920 3977 1004 4030 om.p
1077 3960 1225 4031 plerunque
1245 3960 1271 4013 V
1322 3963 1356 4016 14
1370 3980 1429 4017 seu·

281 4064 365 4101 ense.
385 4048 403 4103 l.
423 4048 460 4101 M
530 4050 563 4102 15
583 4048 680 4117 quidt
752 4052 785 4104 16
804 4048 978 4103 heiulandum
997 4047 1151 4120 ΜΤΟῙιγφῑ
1228 4054 1341 4105 estous¹
1365 4050 1429 4105 TC&

282 4138 315 4189 17
335 4138 548 4191 consenserimus
571 4138 598 4189 V
701 4138 777 4191 illius
795 4154 846 4191 ona.
871 4138 896 4192 V
1004 4138 1036 4193 18
1054 4138 1201 4193 succrescit
1220 4137 1430 4209 CbFLVqubd

282 4225 315 4279 19
335 4224 530 4279 necess-‚sibus
552 4226 594 4279 Ob
646 4228 773 4281 acerbum
797 4228 865 4282 Tou
918 4228 953 4281 22
973 4228 1154 4283 couelescenti
1174 4226 1216 4281 Cb
1269 4229 1305 4283 23
1324 4228 1427 4283 modice

280 4314 396 4383 spernit]
417 4314 521 4384 speruit
537 4315 650 4369 minime
668 4315 723 4371 FL
