3109 4959
553 447 596 503 de
625 448 891 503 continentia.
1233 450 1297 517 143

143 644 252 707 autem
284 642 455 721 consensit,
487 642 551 707 ianr
584 642 678 707 corde
711 640 799 721 dixit
833 642 960 708 etiamsi
992 662 1045 708 ore
1077 662 1138 709 nou
1176 644 1296 720 sonuit:

144 748 274 814 etiamsi
306 767 402 813 manu
434 749 488 813 uel
521 748 662 832 qualibet
695 748 834 832 eorporis
866 753 956 833 parte
992 766 1054 814 nou
1092 750 1179 826 fecit,
1213 750 1298 833 quod

144 858 251 920 tamen
285 854 477 939 cogitatione
509 854 689 919 faciendum
723 854 786 919 sibi
818 874 889 920 esse
922 856 986 920 iam
1019 856 1144 933 statuit,
1178 856 1296 922 diuinis

144 962 273 1047 legibus
300 980 375 1026 reus
399 962 546 1045 quamuis
569 960 715 1027 humanis
739 960 947 1027 absconditus
972 962 1118 1029 sensibus
1142 964 1241 1029 uerbo
1263 964 1296 1029 in

109 1069 240 1135 scorde
264 1068 351 1134 dioto
374 1069 462 1133 nullo
485 1067 570 1133 sacto
594 1088 651 1151 per
674 1086 789 1150 corpus
814 1068 965 1134 admisso.
998 1088 1197 1153 nequaquem
1220 1090 1297 1136 uero

145 1174 325 1241 membrum
357 1175 433 1240 foris
464 1175 623 1241 mouisset
656 1174 688 1241 iu
721 1174 816 1252 sacto,
846 1175 938 1240 cuius
970 1174 1048 1241 facti
1079 1175 1207 1241 initium
1235 1196 1297 1243 nou

143 1281 235 1347 intus
258 1282 484 1364 praecessisset
505 1282 538 1346 in
561 1280 668 1347 uerbo.
693 1299 795 1363 neque
819 1282 903 1347 enirn
925 1280 1120 1347 mendaciter
1142 1284 1297 1367 scripturn

146 1394 213 1455 est:
245 1386 372 1453 initium
406 1388 508 1454 omnis
525 1388 645 1485 ‘operis
677 1386 823 1454 uerbum.
860 1390 963 1453 multa
999 1388 1117 1473 quippe
1154 1390 1298 1455 homiues

145 1494 271 1559 faciunt
302 1514 355 1561 ore
387 1495 507 1575 clauso,
535 1496 645 1578 quieta
675 1494 796 1580 lingua,
822 1514 903 1561 uoce
934 1495 1069 1572 frenata3
1103 1496 1160 1561 sed
1191 1499 1298 1561 tamen

96 1628 126 1669 ιο
145 1600 228 1667 nibil
255 1606 354 1686 egunt
380 1602 520 1684 corporis
545 1620 648 1685 opere,
673 1602 758 1685 quod
782 1620 843 1667 nou
867 1601 956 1686 prius
980 1602 1115 1668 dixerint
1136 1604 1169 1668 iu
1193 1601 1298 1669 corde.

145 1728 184 1775 ac
207 1728 266 1791 per
287 1708 347 1773 hoc
370 1708 519 1794 quoniam
543 1708 647 1773 multa
670 1713 745 1774 suut
767 1712 900 1792 peccata
917 1708 949 1775 iu
969 1710 1172 1775 interioribus
1192 1710 1298 1789 dictis,

146 1836 228 1899 quae
261 1834 323 1880 nou
357 1818 432 1880 sunt
462 1814 495 1879 in
527 1814 734 1881 exterioribus
768 1816 875 1893 factis,
903 1816 992 1880 nulla
1019 1820 1095 1882 suut
1128 1820 1234 1882 autern
1265 1816 1298 1883 in

146 1920 357 1989 exterioribus
379 1921 484 1999 factis,
508 1940 588 2004 quae
612 1940 673 1986 uon
696 1920 941 2004 praecedentis
963 1920 1169 1987 interioribus
1189 1922 1299 1989 dictis:

145 2029 209 2094 erit
235 2027 274 2093 ab
301 2026 446 2110 utrisque
469 2026 591 2110 puritas
614 2027 825 2106 innocentiae,
849 2027 878 2092 si
901 2026 1019 2093 circum
1042 2027 1192 2093 interiora
1213 2027 1300 2094 labia

97 2162 125 2201 rs
144 2136 285 2219 ponatur
307 2133 426 2199 ostium
450 2134 672 2199 continentiae.
1167 2159 1170 2163 ⁴

192 2244 225 2308 4.
248 2242 382 2323 Propter
405 2240 489 2322 quod
514 2241 609 2305 etiam
633 2240 702 2325 ipse
727 2259 779 2305 ore
798 2240 925 2324 proprio
945 2240 1093 2306 domiuus
1113 2242 1171 2306 ait:
1195 2261 1300 2307 muu-

146 2349 241 2414 date
270 2366 369 2430 quae
401 2348 516 2411 intus
550 2350 654 2427 sunt,
684 2350 723 2411 et
756 2366 857 2430 quae
887 2348 993 2413 foris
1027 2351 1123 2412 suut
1155 2348 1300 2414 munda

145 2456 276 2521 erunt.
296 2454 436 2537 itemque
457 2452 518 2519 elio
533 2452 603 2518 loco
623 2470 696 2518 cum
711 2452 897 2518 iudaeorum
917 2454 1120 2536 stultiloquia
1136 2454 1300 2531 refutaret,

146 2560 224 2643 quia
251 2558 524 2625 calumniabantur
553 2559 720 2643 discipulis
750 2560 821 2625 eius
848 2580 910 2625 nou
935 2560 1014 2626 lotis
1042 2561 1188 2627 manibus
1212 2580 1299 2627 man·

94 2690 124 2731 ao
146 2668 351 2746 ducentibus,
378 2685 453 2731 nou
482 2666 587 2749 quod
616 2667 746 2731 intrat
773 2666 812 2731 in
841 2684 894 2741 os,
917 2666 1033 2749 iuquit,
1057 2668 1300 2751 coinquinat

144 2774 364 2850 homiuem
385 2773 455 2839 sed
473 2774 577 2856 quod
597 2773 788 2858 procedit
807 2792 851 2837 ex
870 2792 946 2852 ore,
963 2774 1037 2838 boc
1056 2774 1299 2858 coinquinat

143 2880 358 2945 hominem.
383 2898 462 2963 quae
487 2881 644 2945 sententia
667 2880 694 2945 si
718 2884 787 2945 tote
810 2880 849 2945 de
873 2899 927 2945 ore
950 2880 1090 2963 eorporis
1113 2880 1299 2965 accipiatur,

144 2986 286 3053 absurda
315 2989 374 3051 est.
407 3006 509 3069 neque
538 2986 622 3051 euiru
651 3005 745 3070 quern
774 3005 836 3051 non
869 2986 1051 3069 coinquinet
1084 2986 1187 3065 cibus,
1215 2986 1299 3051 coiu-

144 3094 259 3177 quinat
286 3093 440 3159 uomitus.
475 3093 566 3159 cibus
596 3094 713 3178 qnippe
742 3093 773 3158 in
803 3112 840 3159 os
867 3094 976 3170 intrat,
1003 3094 1148 3158 uomitus
1181 3112 1218 3157 ex
1246 3112 1299 3159 ore

93 3228 123 3269 as
144 3200 299 3285 procedit.
323 3199 378 3265 sed
401 3202 512 3285 procul
536 3200 632 3266 dubio
656 3200 760 3283 priore
778 3199 877 3264 uerba
894 3200 1054 3282 pertinent
1072 3200 1113 3265 ad
1131 3219 1166 3265 os
1185 3200 1298 3279 caruis,

240 3424 273 3481 lt
292 3422 324 3479 cf.
344 3424 443 3481 uach.
462 3424 506 3489 23,
526 3424 560 3478 26
615 3424 651 3479 20
669 3422 768 3477 Matth.
790 3424 832 3488 15,
854 3423 886 3478 11

182 3549 200 3602 2
219 3548 353 3617 qualibet]
375 3564 428 3617 qua
444 3546 552 3602 Mauo
571 3548 665 3617 aliqua
686 3546 708 3601 O
762 3546 836 3617 quod
853 3548 957 3617 tamen]
977 3548 1044 3602 fecit
1062 3552 1154 3602 tamen
1173 3547 1246 3618 quod
1261 3548 1299 3603 bd

144 3638 244 3691 ticese
263 3636 363 3691 sibiG
413 3636 573 3691 tsensibus
594 3634 805 3691 absconditusd
854 3638 984 3691 tramisso
1003 3636 1161 3691 TMAObB
1208 3638 1298 3692 truo-

142 3727 245 3796 uisset]
264 3726 385 3779 misisset
405 3724 447 3779 Cb
536 3726 717 3788 SorninisT
795 3741 887 3785 omnes
906 3726 1075 3780 hominesC
1164 3726 1197 3782 10
1214 3727 1300 3782 nichil

143 3822 261 3884 (semper
272 3815 335 3883 sere
355 3815 398 3884 ch)
421 3814 471 3870 GR
560 3816 588 3869 iu
608 3814 702 3870 om.0
779 3816 811 3869 11
834 3815 961 3883 quoniam
979 3816 1078 3871 om.G
1156 3816 1189 3869 12
1207 3820 1298 3871 autern

143 3920 199 3959 om.
221 3902 319 3957 Acco
407 3905 440 3958 13
459 3902 610 3973 procedant
627 3904 694 3959 MX
711 3902 878 3974 praecedunt
898 3902 939 3957 Cb
1011 3904 1050 3973 in]
1071 3903 1104 3957 de
1122 3904 1184 3959 DX
1255 3921 1298 3958 ex·

143 3992 293 4047 terioribus
310 3991 352 4045 Ge
397 3993 430 4047 15
445 3992 565 4047 hostium
579 3992 608 4047 D
654 3994 688 4047 16
703 3993 753 4061 ait]
769 3991 879 4046 dieite*
924 3994 957 4046 19
976 3993 1232 4063 calumpniabantur
1243 3993 1301 4049 DC

141 4082 181 4135 22
200 4081 352 4151 accipiatur
370 4082 433 4151 (cit.
452 4099 468 4136 a
486 4098 507 4135 a.
529 4082 557 4149 t.)
581 4082 606 4135 T
687 4082 721 4135 23
741 4080 888 4147 absurdum
908 4084 940 4147 (s.
959 4098 1004 4147 unu
1025 4080 1091 4135 odd.
1111 4087 1138 4147 a)
1161 4082 1299 4137 Tabour-

143 4170 260 4224 dissima
277 4170 339 4225 DX
409 4170 537 4240 inquinat
559 4170 784 4240 Tquoiuquiuat
801 4168 839 4223 M
909 4171 1090 4239 quoinquinat
1107 4170 1144 4224 M
1196 4172 1232 4226 24
1250 4189 1298 4225 uo·

141 4260 229 4314 mitus
248 4262 340 4313 auteur
360 4276 391 4313 ex
405 4259 466 4315 DX
519 4260 553 4313 25
572 4260 674 4331 priora]
692 4258 801 4329 propria
820 4258 890 4313 ACb
954 4258 987 4313 ad
1007 4277 1036 4313 os
1056 4262 1142 4314 carnis
1161 4261 1299 4330 pertinent

144 4348 210 4413 (boc
227 4349 326 4403 ordine
344 4348 376 4402 in
394 4354 457 4419 mp.)
480 4346 506 4400 Τ
