3109 4959
498 496 636 548 contre
661 494 900 549 mendacium
1206 487 1269 565 497

122 694 278 773 quantum
305 692 430 772 poterat
456 689 637 767 resistebat,
661 709 700 753 ue
725 690 833 773 ipsum
862 709 989 774 quoque
1012 691 1099 756 ullus
1123 682 1270 775 proprius

121 796 298 862 macularet
312 815 472 871 assensus,
483 815 578 879 quem
591 796 785 861 libidinosus
799 797 886 863 furor
896 797 1021 861 etiamsi
1037 797 1271 879 praeualuisset

123 903 264 987 corporis
295 904 432 979 uiribus,
464 904 569 967 temen
602 921 663 968 uon
696 903 946 968 consentientem
979 922 1040 968 non
1076 906 1271 969 maculasset

122 1012 257 1075 alicnus.
280 1010 312 1075 in
335 1009 463 1073 filiabus
488 1012 593 1074 autem
617 1028 680 1074 non
703 1009 911 1092 peccantibus
936 1028 993 1074 nec
1015 1010 1085 1092 ipse
1107 1012 1270 1093 peccabat,

90 1118 198 1198 equia
220 1136 282 1181 non
306 1136 359 1181 eas
382 1134 511 1199 peccare
535 1116 564 1180 si
588 1116 840 1199 opprimerentur
862 1115 992 1193 inuitae,
1018 1116 1073 1181 sed
1101 1122 1269 1200 peccantes

120 1226 202 1289 lene
220 1224 371 1290 iaciebat:
389 1227 554 1307 tamquam
569 1224 597 1289 si
616 1224 654 1288 ab
674 1224 817 1307 inprobis
836 1228 873 1288 ut
892 1224 943 1289 sui
961 1223 1046 1289 serui
1066 1224 1271 1289 caederentur

119 1332 256 1409 offerret,
275 1350 315 1395 ue
337 1330 480 1414 hospites
499 1330 569 1395 eius
586 1331 771 1412 peterentur
790 1330 895 1395 caedis
914 1328 1073 1395 iniuriam.
1098 1331 1137 1395 de
1157 1350 1219 1415 que
1237 1351 1270 1396 re

119 1457 183 1503 uon
208 1436 388 1520 disputabo,
413 1436 488 1519 quia
509 1434 642 1520 longum
663 1440 721 1513 est,
742 1439 851 1501 utrum
870 1437 922 1502 uel
942 1435 1090 1503 dominus
1108 1437 1176 1502 iure
1195 1456 1271 1503 suae

118 1544 292 1628 potestatis
320 1546 406 1608 recte
434 1542 481 1607 sic
509 1546 619 1607 utatur
646 1542 678 1607 in
707 1561 810 1625 seruo,
839 1546 877 1609 ut
905 1562 1033 1607 seruum
1063 1562 1157 1608 suum
1181 1544 1270 1608 caedi

71 1672 100 1710 ιο
119 1652 219 1715 faciat
235 1651 445 1725 innocentem,
464 1669 504 1714 ne
523 1649 644 1714 amicus
665 1650 733 1714 eius
753 1650 849 1715 etiam
868 1651 936 1733 ipse
955 1650 1105 1715 innocens
1124 1650 1156 1715 in
1176 1650 1269 1716 domo

121 1758 191 1822 eius
214 1776 233 1820 a
256 1756 407 1821 uiolentis
429 1755 572 1838 inprobis
596 1756 738 1839 uapulet.
764 1757 821 1820 sed
841 1760 925 1821 certe
944 1756 1049 1821 Dauid
1069 1756 1155 1821 nullo
1175 1756 1270 1822 modo

119 1868 207 1929 recte
235 1862 353 1928 dieitur
379 1863 483 1927 iurare
512 1862 661 1927 debuisse
689 1881 723 1927 se
752 1881 823 1926 esse
851 1863 1021 1943 facturum,
1046 1862 1131 1945 quod
1159 1866 1271 1947 postea

120 1973 261 2035 cerneret
285 1988 318 2033 se
340 1968 443 2033 ia'cere
467 1988 529 2033 non
552 1968 677 2033 debere.
700 1968 784 2033 raude
809 1971 944 2047 constat,
965 1968 1049 2051 quod
1073 1988 1134 2033 non
1154 1970 1269 2047 omnia,

120 2096 201 2159 quae
226 2096 244 2141 a
267 2075 385 2140 sanctis
408 2076 463 2139 uel
485 2074 580 2139 iustis
603 2074 682 2139 uiris
705 2075 844 2159 legimus
868 2074 962 2151 lacta,
986 2076 1153 2140 transferre
1177 2074 1270 2140 debe-

71 2206 100 2246 ns
118 2201 194 2247 mus
218 2182 249 2247 in
272 2200 387 2258 mores,
412 2181 468 2245 sed
492 2181 587 2246 etiam
610 2182 682 2245 hinc
703 2180 834 2258 discere,
856 2200 950 2263 quam
969 2182 1032 2245 late
1052 2184 1161 2263 pateat
1179 2184 1211 2245 et
1231 2181 1270 2246 ed

120 2307 201 2372 quos
234 2307 336 2370 usque
368 2288 542 2370 perueniat,
576 2288 660 2370 quod
693 2288 859 2370 apostolus
893 2288 953 2353 ait:
985 2289 1148 2367 fratres,
1187 2288 1269 2353 etsi

118 2398 454 2478 praeoccupatus
478 2394 608 2458 fuerit
630 2395 744 2459 homo
772 2393 812 2458 in
842 2394 982 2477 aliquo
1007 2391 1172 2473 delicto,
1198 2412 1268 2459 uos

119 2501 191 2584 qui
210 2500 430 2584 spiritales
451 2500 781 2578 cstis‚instruite
799 2500 923 2566 huius
939 2500 1043 2565 modi
1063 2500 1100 2565 in
1117 2500 1270 2583 spiritu

118 2607 328 2684 lenitatis,
351 2607 570 2672 intendens
593 2610 632 2671 te
658 2609 804 2691 ipsum,
828 2626 873 2672 nc
902 2609 941 2672 st
967 2609 1009 2671 tu
1038 2608 1269 2689 tempteris.

68 2738 99 2776 κο
118 2714 422 2799 praeoccupationes
446 2713 529 2778 euim
553 2716 630 2779 suut
651 2714 742 2791 istae,
762 2715 794 2777 in
815 2713 930 2797 quibus
951 2712 1155 2796 delinquitur,
1181 2714 1269 2792 dum,

118 2820 199 2904 quid
228 2820 408 2885 faciendum
442 2821 494 2897 sit,
523 2823 579 2884 aut
611 2820 651 2885 ad
682 2822 793 2886 horam
820 2839 881 2885 non
911 2819 1040 2885 uidetur
1067 2824 1122 2884 aut
1150 2822 1183 2884 ct
1214 2820 1269 2903 qui

117 2926 239 2992 uiderit
256 2928 406 3004 uincitur,
420 2930 458 2991 ut
477 2926 600 2992 scilicet
617 2926 674 2991 fiat
691 2930 869 3010 peccatum,
887 2946 960 2991 cum
980 2927 1032 2990 uel
1050 2926 1130 2991 latet
1148 2926 1268 2991 ueritas

116 3034 171 3100 uel
195 3034 346 3116 conpellit
368 3034 547 3099 iufirmitas.

163 3140 202 3207 X.
228 3144 279 3207 23.
311 3142 348 3205 In
382 3140 530 3206 omnibus
563 3145 669 3205 autern
703 3140 829 3205 actibus
857 3138 975 3205 nostris
1003 3136 1139 3203 maxime
1172 3136 1267 3202 etiam

65 3272 96 3313 es
115 3246 219 3312 bonos
243 3248 372 3311 turbant
396 3246 622 3330 conpensetiua
644 3249 785 3329 peccata,
808 3246 855 3309 ita
872 3247 910 3309 ut
927 3263 985 3309 nec
1008 3248 1138 3327 peccate
1162 3244 1268 3309 existi-

115 3357 255 3431 mentur,
289 3353 317 3417 si
349 3353 486 3417 babeant
516 3353 598 3417 tales
632 3370 755 3428 causas,
789 3354 918 3435 propter
950 3370 1028 3435 quas
1061 3350 1147 3430 fiant,
1176 3354 1209 3415 et
1235 3351 1266 3415 in
1326 3406 1327 3409 ,

210 3597 243 3652 16
263 3594 323 3650 su.
342 3597 369 3663 e,
389 3596 401 3648 1

151 3771 370 3842 apunsluieeet
391 3770 432 3824 Cb
499 3771 589 3825 iinon
608 3786 659 3824 orn.
683 3770 710 3823 Τ
778 3770 942 3823 sentientem
965 3769 1006 3823 Ob
1077 3768 1198 3822 maculas
1218 3767 1265 3822 sed

112 3862 257 3931 alienusp
348 3862 443 3914 ‘leius
462 3859 537 3914 cedis
556 3859 641 3924 (cedis
659 3876 681 3914 e.
702 3861 767 3927 ῐ.)γ
852 3862 984 3929 parentur
1004 3858 1085 3911 GbT¹
1175 3856 1266 3911 caedis

109 3966 167 4005 om.
185 3948 257 4019 FIrs
305 3949 400 4020 diuus
422 3948 519 4004 ObRL
563 3950 672 4003 9recte
692 3948 730 4012 sit
748 3950 879 4018 utaturp
928 3947 961 4001 10
981 3946 1070 4001 luceat
1091 3946 1132 3999 Cb
1187 3945 1266 3998 domo

109 4038 285 4109 exdomup
359 4038 394 4091 12
412 4054 441 4091 se
459 4054 481 4092 s.
502 4038 557 4108 tp
632 4038 664 4092 13
684 4036 833 4107 deberetp
925 4035 1008 4106 quod]
1027 4037 1124 4105 quiap
1200 4036 1269 4088 lla

107 4124 232 4192 iustisli
296 4129 329 4181 15
350 4130 379 4180 et
398 4126 657 4199 ulique-usquep
722 4126 754 4179 17
774 4124 855 4180 homo
876 4123 963 4192 cnud
1029 4126 1061 4179 19
1079 4122 1266 4178 laenitatisO

107 4216 239 4272 temteris
260 4216 345 4289 otoo
437 4216 469 4269 21
491 4215 557 4285 quid
575 4234 626 4271 om.
649 4216 675 4269 T
760 4214 794 4269 ed
813 4214 913 4269 omi*
996 4212 1077 4268 hore·
1095 4212 1119 4267 Τ
1137 4228 1210 4266 oram
1231 4230 1266 4281 φγ

109 4302 241 4369 etenuss
294 4306 329 4359 22
343 4304 440 4358 seul-it
454 4308 482 4358 et
495 4303 639 4358 ueritasT
686 4305 721 4358 23
737 4304 868 4373 conpellit
883 4304 1026 4375 liccam
1073 4300 1208 4356 25bcnus
1226 4298 1269 4353 Ob

106 4392 310 4465 perturbasti
382 4394 424 4447 ita
441 4409 530 4463 omp

137 4518 235 4560 xxxin
248 4518 307 4567 ene.
317 4516 377 4559 seca
386 4518 407 4559 v
416 4528 469 4568 pm
484 4518 526 4558 111.
1190 4494 1225 4547 32
