3109 4959
282 400 349 463 224
642 398 668 451 S.
696 397 833 452 Aureli
861 398 1076 468 Augustini

282 590 490 656 dubitandum
519 594 571 656 est
595 592 759 658 meliorem
787 612 858 658 esse
886 594 1065 659 castitatem
1094 596 1306 663 continentiae
1335 618 1429 681 quam

282 698 461 764 castitatem
485 700 671 782 nuptialem,
692 719 765 765 oum
789 704 894 765 tamen
918 702 1090 783 utrumque
1110 702 1153 766 sit
1171 703 1306 779 bonum;
1330 705 1430 769 homi-

281 825 337 871 nes
361 825 436 871 uero
456 825 529 871 cum
549 825 778 890 comparamus
798 807 853 871 ille
872 810 922 871 est
938 807 1061 884 melior,
1081 808 1136 890 qui
1154 808 1273 874 bonum
1291 812 1430 893 amplius

281 932 376 995 quam
404 912 485 977 alius
512 912 616 979 babet.
650 931 741 997 porro
766 912 820 995 qui
844 912 981 995 amplius
1009 912 1152 979 eiusdem
1176 916 1299 999 generis
1323 917 1428 993 habet,

282 1022 314 1083 et
340 1018 383 1083 id·
401 1018 485 1101 quod
512 1018 618 1083 minus
650 1021 700 1083 est
726 1018 835 1094 habet3
870 1019 925 1101 qui
952 1022 1059 1083 autem
1091 1021 1311 1086 tantummodo
1344 1024 1429 1105 quod
1456 1050 1467 1088 s

280 1125 386 1189 minus
416 1129 465 1190 est
491 1125 597 1203 babet,
621 1124 654 1189 id
682 1124 765 1206 quod
795 1125 1011 1208 estamplius
1039 1144 1100 1189 non
1124 1127 1235 1210 utique
1258 1128 1366 1194 habet.
1397 1130 1427 1195 in

281 1231 444 1315 sexaginta
466 1232 550 1296 enim
573 1234 648 1296 sunt
671 1234 703 1296 et
724 1230 868 1315 triginta,
892 1250 955 1296 non
978 1231 1009 1295 in
1034 1233 1166 1316 triginta
1188 1239 1264 1299 sunt
1287 1239 1322 1300 et
1344 1254 1429 1300 sexa-

281 1339 378 1423 ginta.
409 1358 468 1403 non
499 1338 620 1422 operari
648 1342 754 1403 autem
779 1356 815 1401 er
838 1356 886 1415 eo,
910 1337 996 1420 quod
1019 1337 1125 1417 habet,
1148 1340 1181 1405 in
1205 1340 1428 1407 distributione

281 1444 458 1510 officiorum
485 1444 626 1528 positum
655 1447 715 1521 est,
739 1462 801 1509 non
827 1444 860 1507 in
893 1446 1035 1528 egestate
1068 1445 1236 1525 uirtutum,
1265 1450 1342 1531 quia
1373 1469 1427 1513 nee

279 1551 362 1616 bono
400 1549 633 1617 misericordiae
671 1556 765 1625 caret,
800 1550 856 1633 qui
887 1568 948 1617 non
979 1552 1103 1617 inuenit
1134 1553 1278 1633 miseros,
1311 1555 1428 1638 quibus
1446 1583 1467 1621 o

280 1657 383 1739 possit
406 1657 652 1723 misericorditer
675 1656 855 1723 subuenire.

324 1766 377 1831 29.
401 1764 474 1829 Huc
497 1764 628 1843 accedit,
649 1765 723 1847 quia
745 1784 806 1830 non
831 1768 916 1829 recte
935 1769 1145 1848 conparantur
1162 1767 1309 1832 homines
1328 1767 1428 1833 horni-

279 1871 373 1935 nibus
406 1890 441 1935 er
474 1891 536 1938 uno
569 1872 676 1954 aliquo
709 1872 801 1937 bono.
838 1870 907 1936 fieri
935 1872 1017 1936 enim
1045 1876 1162 1957 potest,
1190 1877 1227 1938 ut
1256 1874 1340 1939 alius
1368 1894 1427 1941 non

279 1978 395 2043 habeat
418 1977 536 2060 aliquid
561 1978 645 2060 quod
669 1978 751 2043 alius
776 1978 883 2055 habet,
903 1978 959 2043 sed
983 1978 1070 2043 aliud
1088 1979 1204 2045 habeat
1222 1981 1308 2062 quod
1327 1981 1427 2063 pluris

279 2085 510 2150 aestimandum
539 2087 597 2151 est.
631 2084 734 2150 maius
763 2084 847 2149 enim
875 2085 993 2149 bonurn
1018 2089 1068 2149 est
1090 2086 1307 2151 oboedientiae
1332 2107 1427 2170 quam
1445 2116 1466 2153 n

279 2192 497 2257 continentiae.
525 2210 598 2255 nam
621 2191 794 2257 conubium
817 2209 973 2274 nusquam
996 2195 1175 2257 nostrarum
1198 2192 1426 2275 scripturarum

278 2300 466 2365 auctoritate
494 2297 669 2375 damnatur,
693 2297 928 2362 inoboedientia
954 2317 1029 2363 uero
1057 2318 1215 2381 nusquam
1239 2300 1426 2367 absoluitur.

278 2404 306 2469 si
334 2422 408 2487 ergo
431 2406 624 2487 proponatur
646 2405 737 2488 uirgo
761 2423 977 2487 permansura,
1001 2405 1057 2468 sed
1080 2408 1184 2470 tamen
1208 2406 1424 2483 inoboediens,

279 2515 311 2574 et
328 2512 484 2589 maritata,
500 2530 579 2593 quaa
599 2512 690 2594 uirgo
711 2529 893 2593 permanere
912 2528 974 2575 non
992 2515 1111 2593 posset,
1132 2511 1188 2576 sed
1206 2516 1314 2577 tamen
1335 2514 1425 2579 oboe-

279 2616 377 2698 diens,
394 2636 488 2698 quam
498 2617 660 2681 meliorem
677 2616 841 2681 dieamus?
856 2616 961 2680 minus
976 2614 1167 2681 laudabilem
1180 2637 1275 2700 quam
1291 2620 1320 2683 si
1335 2620 1424 2705 uirgo
1441 2651 1466 2688 ro

278 2727 374 2799 esset,
394 2742 432 2787 an
451 2723 671 2799 damnabilem,
686 2724 771 2787 sicut
789 2722 880 2807 uirgo
901 2726 971 2788 est?
994 2723 1039 2788 ita
1058 2724 1085 2787 si
1105 2724 1246 2789 conferas
1267 2724 1424 2791 ebriosam

277 2828 433 2911 uirginem
462 2828 583 2893 sobriae
613 2828 810 2913 coniugatae‚
834 2828 906 2911 quis
935 2828 1060 2893 dubitet
1088 2829 1219 2895 eandem
1245 2831 1329 2895 ferre
1358 2851 1424 2897 sen·

277 2936 430 2999 tentiam?
454 2936 583 3018 nuptiae
608 2936 724 3019 quippe
748 2940 781 3000 et
804 2935 971 3019 uirginitas
996 2935 1058 3001 duo
1082 2936 1164 3001 bona
1182 2940 1269 3014 sunt,
1289 2957 1423 3021 quornm

276 3044 412 3106 alterum
431 3042 548 3119 maium
574 3044 727 3107 sobrietas
748 3047 856 3107 autem
874 3045 908 3107 et
925 3042 1101 3118 ebriositas,
1122 3043 1206 3108 sicut
1226 3044 1424 3110 oboedientia

277 3154 309 3212 et
337 3148 544 3225 contumacia,
568 3149 624 3213 illa
652 3150 734 3215 bona
762 3152 846 3228 sunt,
869 3150 948 3214 haec
976 3150 1069 3213 mala.
1102 3150 1219 3213 melius
1243 3154 1295 3216 est
1318 3159 1421 3216 autem
1441 3183 1467 3222 a

312 3335 522 3404 3conparemus
539 3336 599 3389 Βία
665 3337 770 3391 lelius
789 3339 828 3392 A¹
892 3340 1095 3409 iqui—habet
1112 3357 1164 3395 om.
1186 3341 1237 3395 OB
1300 3342 1423 3412 cid10t

276 3423 305 3477 id
327 3424 376 3478 OB
448 3426 564 3496 amplius
584 3430 626 3481 est
643 3428 674 3482 Ε
744 3444 798 3481 non
816 3444 869 3486 om.
887 3429 915 3482 B
965 3432 1148 3499 laeregenta
1164 3430 1198 3485 0¹
1270 3433 1423 3501 sexaginta}

277 3512 459 3582 quadraginta
477 3514 534 3567 AD
596 3514 705 3584 8quod
725 3515 785 3583 quis
805 3517 877 3585 (quis
894 3533 917 3571 a.
937 3519 966 3584 l.)
987 3521 1014 3570 A
1073 3520 1196 3587 eaeque
1214 3518 1245 3573 Ε
1299 3521 1335 3574 10
1351 3519 1423 3573 bono

277 3608 303 3667 (o
318 3600 371 3668 fior.
392 3618 425 3655 ac
443 3606 470 3670 u)
489 3603 521 3656 K
539 3603 611 3657 bonu
628 3602 723 3657 MXE
795 3605 827 3656 14
846 3604 941 3675 habet]
961 3606 1063 3659 babeat
1080 3606 1253 3661 ΚΜΕΝΧα
1339 3606 1423 3661 habet

276 3689 323 3753 sed
343 3689 417 3755 allud
435 3691 536 3757 babeat
551 3690 653 3761 moun
667 3690 738 3761 qaod
753 3692 823 3757 alius
837 3693 923 3757 tabet
935 3693 985 3747 sed
997 3694 1025 3747 P
1076 3694 1161 3749 habet
1173 3694 1232 3749 AD
1285 3695 1378 3765 plures
1390 3694 1424 3749 K

278 3780 310 3833 15
328 3780 416 3848 magis
438 3780 566 3833 Anraiua
586 3784 628 3833 est
645 3782 683 3834 M
780 3785 823 3835 est
841 3782 913 3835 enim
930 3781 1031 3837 bonum
1049 3784 1127 3837 ΕΧα
1225 3786 1269 3837 est
1286 3800 1338 3839 om.
1356 3783 1424 3837 MN

277 3868 309 3921 17
330 3868 491 3921 auctoritate
510 3867 543 3921 K
613 3868 774 3923 damnantur
792 3869 820 3923 B
877 3872 909 3924 18
927 3871 966 3925 sic
984 3871 1012 3924 P
1029 3870 1114 3934 sioH
1168 3871 1422 3941 lenon]ner.1)

275 3956 362 4025 possit
379 3955 490 4011 MENc
560 3960 652 4011 tamen
672 3974 721 4011 om.
742 3958 773 4010 X
838 3958 984 4013 ..obediens
1002 3966 1030 4025 (n
1048 3965 1096 4025 er.)
1116 3960 1146 4014 D
1221 3961 1255 4013 21
1274 3961 1322 4030 an]
1341 3976 1375 4014 ao
1392 3960 1427 4013 N

275 4046 328 4113 est]
350 4048 422 4097 esset
439 4044 471 4097 N
559 4046 593 4099 22
613 4046 774 4116 coniugatae
793 4047 899 4101 sobriae
919 4048 977 4102 AD
1062 4048 1171 4103 dubitet
1189 4052 1219 4102 et
1237 4048 1262 4101 0
1278 4047 1421 4119 dubitatr

275 4134 356 4203 lerre]
377 4132 447 4186 forte
469 4134 492 4187 Ο
557 4136 591 4187 24
611 4134 726 4189 ebrietas
745 4136 870 4190 MENX
934 4139 968 4191 25
988 4138 1160 4191 contumacia
1177 4139 1220 4206 (ac
1237 4155 1326 4206 supra
1345 4155 1382 4192 ar.
1402 4142 1423 4191 2

276 4224 327 4278 litt.
346 4238 381 4275 m.
400 4225 429 4288 2)
449 4223 475 4275 Β
495 4224 691 4277 contumacitas
710 4228 764 4287 (tas
783 4224 815 4277 in
832 4240 907 4292 rca.;
924 4244 958 4280 m.
978 4230 998 4279 2
1016 4226 1056 4279 nd
1073 4230 1117 4279 tae
1136 4227 1203 4281 cdd.
1221 4227 1277 4296 tir
1356 4231 1423 4281 eunt

274 4328 325 4365 om.
346 4310 377 4363 N
446 4312 517 4363 mala
536 4310 755 4365 suntMENXc
827 4318 918 4368 autem
937 4315 1022 4368 estD
1094 4315 1422 4385 estom.Pr¹F‚a.l.A
