3109 4959
572 448 615 502 de
642 448 846 503 mendacio
1217 446 1283 513 457

134 642 344 725 exeipiens
369 646 502 708 autam
521 643 677 726 exeipit
693 641 803 708 illud
822 641 913 720 sibi,
933 642 1010 725 quid
1029 641 1117 707 uliud
1133 641 1283 718 insinuat,

132 748 196 814 nisi
233 749 319 832 quod
355 749 521 833 apostolus
558 748 650 814 dicit:
688 768 790 831 opus
828 751 960 813 antem
993 766 1107 813 suum
1138 747 1284 831 probet

131 852 1283 939 unusquisque,ettnnoinsemetipsohabebitgloriam

134 965 174 1026 et
191 980 265 1027 non
284 963 323 1027 iu
342 963 498 1027 altero?
518 961 574 1044 qui
594 961 679 1025 enim
699 961 816 1043 exeipit
833 960 977 1039 uerbum,
996 960 1030 1025 id
1048 962 1099 1026 est
1116 960 1281 1025 ueritatem

101 1085 195 1132 enon
219 1068 282 1133 sibi
305 1068 362 1133 sed
384 1070 422 1133 ut
443 1068 614 1133 homnibus
636 1067 771 1151 plaeeat,
795 1086 856 1132 non
881 1085 950 1131 eam
974 1066 1126 1145 custodit,
1145 1086 1218 1133 eum
1237 1067 1283 1133 eis

130 1174 223 1240 uidet
252 1174 371 1257 plaeeri
401 1192 496 1257 posse
526 1173 701 1239 mendatio.
743 1173 800 1255 qni
827 1174 934 1237 autem
962 1172 1078 1254 exeipit
1105 1172 1176 1250 sibi,
1203 1172 1284 1237 nihil

129 1282 250 1346 falsum
274 1281 312 1345 de
335 1299 391 1346 ore
410 1279 515 1364 ipsius
537 1280 691 1363 procedit,
715 1279 789 1362 quia
813 1278 908 1343 etium
933 1297 1006 1343 eum
1024 1280 1131 1363 planet
1147 1279 1283 1344 homini-

131 1389 194 1452 bus
217 1388 428 1467 mendacium,
451 1406 513 1454 non
530 1386 685 1452 mentitur
706 1385 772 1465 ille,
797 1386 852 1467 qui
874 1386 1054 1465 ueritatem,
1078 1406 1139 1452 non
1162 1386 1201 1451 de
1221 1405 1283 1469 qua

130 1494 209 1571 illis,
240 1494 297 1558 sed
325 1494 363 1559 de
391 1512 454 1576 qua
481 1493 539 1557 deo
567 1493 717 1575 placeret,
747 1491 870 1573 excepit
897 1491 969 1557 sibi.
1007 1491 1116 1574 itaque
1138 1510 1200 1557 non
1223 1495 1282 1567 est,

87 1625 115 1665 ιο
134 1620 191 1666 eur
218 1600 272 1665 hie
296 1601 433 1665 dicatur:
457 1619 567 1665 omnes
591 1598 719 1682 quidem
740 1599 863 1682 perdet,
887 1599 943 1682 qui
960 1600 1135 1681 loquuntur
1158 1599 1283 1664 mendu-

133 1708 231 1786 eium,
255 1707 396 1773 sednon
420 1726 511 1771 omne
539 1705 754 1785 mendacium,
778 1704 901 1787 quando
931 1704 1154 1771 uniuersaliter
1180 1704 1284 1771 omnia

132 1812 298 1879 mendacia
324 1812 512 1879 eiroumeisa
539 1815 616 1877 sunt
641 1812 744 1888 ineo,
769 1810 856 1894 quod
879 1810 1000 1876 dietum
1025 1814 1087 1875 est:
1112 1814 1150 1877 et
1177 1810 1282 1876 nihil

132 1919 234 1984 falsi
262 1920 308 1985 de
336 1939 402 1984 ore
434 1918 571 2001 ipsius
602 1917 802 2000 procedit.
831 1916 888 1983 sed
916 1916 994 1981 dicit
1020 1917 1101 1983 alius
1133 1916 1179 1981 ita
1212 1936 1281 1982 esse

133 2026 363 2110 accipiendum,
387 2027 472 2091 siout
489 2025 614 2107 aceepit
632 2025 797 2108 apostolus
812 2024 944 2103 Paulus,
961 2024 1046 2105 quod
1060 2025 1105 2089 ait
1119 2024 1280 2089 deminus:

86 2156 115 2197 ιο
134 2152 206 2218 ego
231 2136 366 2199 autem
385 2132 475 2198 dieo
494 2132 624 2209 uobis,
644 2150 719 2197 non
741 2131 879 2195 iurare
899 2130 1067 2197 omnino.
1087 2148 1160 2195 nam
1179 2133 1212 2195 et
1229 2131 1281 2195 hio

132 2241 236 2305 omnis
254 2240 371 2305 iuratio
394 2238 582 2305 circumcisa
604 2240 663 2317 est,
687 2237 745 2302 sed
767 2236 808 2301 ab
831 2256 883 2302 ore
909 2236 1024 2315 eordis,
1048 2240 1086 2302 ut
1107 2256 1282 2321 numquam

130 2347 309 2413 uoluntatis
329 2345 553 2430 adprobatione
571 2343 671 2421 fieret,
697 2343 754 2408 sed
775 2344 965 2409 necessitate
988 2343 1181 2409 infirmitatis
1205 2345 1280 2409 ulte

131 2454 210 2531 rius,
233 2453 267 2517 id
290 2457 340 2519 est
362 2452 483 2517 amalo
507 2452 650 2529 alterins,
674 2450 728 2515 oni
749 2468 811 2515 non
835 2450 927 2516 aliter
949 2449 1077 2516 uidetur
1098 2451 1282 2534 persuaderi

131 2579 229 2642 posse
257 2559 343 2642 quod
370 2559 496 2636 dieitur,
518 2558 582 2623 nisi
608 2558 741 2623 iurando
769 2557 848 2622 fides
877 2556 946 2633 fiat;
975 2559 1032 2622 eut
1055 2557 1173 2623 abillo
1196 2558 1280 2623 malo

85 2688 114 2727 ιο
132 2670 254 2746 nostre,
268 2665 354 2761 qnod
371 2665 469 2730 huius
488 2663 693 2730 mortalitatis
717 2663 821 2729 adhue
845 2663 983 2748 pellibus
1001 2664 1140 2730 inuoluti
1158 2682 1212 2729 eor
1229 2684 1282 2729 no-

132 2776 236 2837 strum
254 2792 317 2837 non
334 2773 482 2837 ualemus
501 2770 682 2836 ostendere:
703 2770 787 2853 quod
806 2772 918 2854 utique
937 2770 965 2836 si
983 2772 1174 2849 ualersmus,
1198 2772 1280 2837 iuru-

129 2880 218 2946 tione
233 2898 314 2961 opus
327 2897 390 2944 non
405 2880 501 2943 esset.
520 2896 713 2959 utrumquem
727 2878 824 2943 etiam
842 2878 875 2942 in
894 2877 953 2942 hae
972 2880 1041 2943 tota
1059 2879 1225 2956 sententia,
1241 2880 1279 2955 si,

131 2986 218 3070 quod
240 2985 445 3050 dictumest:
471 2983 903 3049 eustodiensuerbum
926 2984 1048 3050 filius
1072 3003 1090 3048 a
1112 2983 1280 3067 perditi-

132 3112 205 3158 one
223 3094 343 3177 longe
362 3090 504 3170 aberit,
520 3090 559 3155 de
571 3089 643 3174 ipsa
657 3089 779 3155 dietum
792 3092 843 3155 est
856 3090 1002 3168 ueritate,
1016 3109 1074 3172 per
1086 3109 1183 3173 qnam
1196 3090 1280 3155 faeta

84 3218 116 3261 aa
131 3205 209 3265 sunt
245 3198 361 3276 omnia,
398 3216 478 3281 quae
513 3196 786 3263 incommutabilis
823 3215 948 3281 semper
983 3200 1100 3273 manet,
1132 3196 1279 3281 quoniam

131 3306 276 3372 doctrina
300 3304 466 3391 religionis
493 3303 534 3368 ad
561 3322 630 3369 earn
659 3304 934 3387 contemplandam
963 3304 1134 3387 perducere
1156 3303 1279 3382 nititur,

129 3416 240 3497 potest
265 3412 368 3479 uideri
394 3410 435 3477 ad
461 3411 522 3476 hoe
550 3429 620 3476 esse
649 3410 786 3476 dietum:
816 3412 855 3475 et
882 3411 988 3475 nihil
1014 3410 1114 3477 falsi
1141 3410 1185 3475 de
1214 3429 1278 3475 ore

220 3602 318 3661 auat
337 3602 399 3667 6,4
438 3602 472 3657 12
489 3601 570 3656 Pron.
590 3602 634 3664 29,
653 3602 688 3655 27
708 3602 765 3669 (24,
778 3601 824 3670 23)
864 3602 897 3657 15
916 3599 1015 3656 natan
1034 3600 1060 3666 5,
1075 3601 1111 3655 34
1147 3599 1182 3656 23
1197 3600 1277 3657 Pron.

129 3694 175 3760 29,
194 3694 229 3747 27
247 3694 303 3764 (24,
322 3692 368 3763 23)
422 3693 458 3746 24
477 3690 511 3746 uf.
530 3690 591 3746 Ioh.
611 3692 653 3757 14,
673 3692 703 3756 6;
724 3692 785 3755 1,3

118 3880 123 3887 ,
168 3816 287 3887 111qu
360 3813 433 3885 quod
450 3813 478 3885 γ’
531 3814 683 3883 Sgloriam
702 3814 788 3868 habet
806 3813 831 3868 S
847 3815 961 3884 glorium
979 3812 1094 3868 habebit
1107 3812 1147 3882 Fe
1197 3814 1278 3885 bais]

130 3904 228 3960 eiusS
261 3902 442 3973 dplacereS
485 3903 600 3974 iquiq
645 3902 1093 3973 8deon.ll11s7q,eep.tolt
1146 3902 1277 3974 quian

129 3994 201 4049 9de
220 3992 408 4065 ommim,
427 3991 586 4061 minu
671 3991 771 4063 quinq
847 3992 880 4045 10
899 3991 943 4045 hie
962 3992 1053 4046 eurR
1143 3990 1276 4062 perdesq

131 4083 163 4137 11
184 4079 440 4136 sed-mendaeium
457 4081 491 4134 in
507 4096 559 4151 my.
578 4080 608 4134 F
678 4081 711 4134 17
734 4080 898 4153 ueritatis?
971 4078 1169 4134 sed-alterius
1187 4096 1276 4153 em.q

130 4171 165 4226 18
184 4171 240 4241 eni]
260 4187 357 4239 cumo
411 4169 448 4224 20
466 4185 518 4239 quo
537 4168 584 4240 ne
645 4168 681 4223 22
699 4185 766 4239 opus
786 4168 880 4225 0118
949 4169 1085 4222 sententio
1102 4170 1162 4222 teta
1179 4166 1276 4239 11qu

129 4261 165 4331 ri]
185 4261 224 4314 rit
240 4258 270 4313 R
341 4257 467 4328 siquod]
486 4256 558 4311 siout
575 4256 628 4312 oF
682 4258 717 4312 23
736 4258 872 4327 excipiens
891 4254 981 4335 wid
1033 4258 1068 4311 24
1088 4256 1230 4311 ueritatem
1249 4256 1277 4311 B

128 4350 164 4405 26
184 4346 326 4403 ducereS
