3109 4959
545 458 586 514 de
614 460 819 516 mandacio
1192 466 1257 531 453

105 655 180 720 tiri
204 674 318 721 omne
335 654 601 734 mendacium,
623 675 686 721 nen
706 656 746 721 ad
764 657 826 723 hec
844 660 959 724 uolunt
977 660 1094 737 ualere,
1113 662 1150 724 ut
1168 660 1256 725 nullo

105 761 273 827 mendacin
294 763 430 846 quisque
451 762 633 828 mentiatur.
666 763 774 847 itaque
799 784 871 829 cum
894 765 977 830 alius
1001 765 1114 831 dixerit
1135 786 1171 831 ex
1193 768 1256 831 isto

107 868 285 952 scripturae
307 868 492 935 testimonie
514 887 618 952 usque
641 868 719 934 aden
739 870 929 954 generaliter
947 890 1038 936 omne
1056 872 1255 937 mendacium

106 993 179 1041 esse
212 974 447 1053 detestandum,
478 978 517 1039 ut
548 976 655 1053 etiam,
688 976 717 1041 si
749 975 821 1059 quis
853 976 980 1041 mentiri
1012 978 1101 1057 uelit,
1130 978 1256 1043 etiamsi

75 1102 169 1147 rnen
193 1083 376 1162 mentiatur,
398 1083 463 1147 iam
486 1082 636 1151 uoluntas
659 1082 731 1168 ipsa
753 1083 930 1149 damnanda
952 1084 1006 1163 sit,
1026 1086 1122 1167 atque
1140 1084 1180 1150 ad
1198 1085 1257 1149 hec

105 1188 342 1273 interpretetur,
366 1186 452 1272 quod
474 1206 536 1253 non
560 1188 683 1252 dictum
713 1190 777 1253 est:
805 1189 871 1253 noli
899 1188 1025 1253 mentiri
1053 1209 1145 1255 omne
1172 1208 1256 1255 men·

104 1295 243 1373 dacium,
268 1295 338 1360 sed:
366 1294 452 1359 noli
474 1294 586 1361 uelle
609 1294 773 1360 mentiri
798 1314 909 1361 omne
933 1295 1195 1375 mendacium,
1219 1300 1255 1362 ut

103 1420 169 1467 nen
191 1402 297 1468 solnm
318 1401 456 1477 mentiri,
480 1402 537 1466 sed
559 1420 618 1466 nec
640 1402 724 1467 uelle
747 1402 875 1467 mentiri
898 1404 1032 1486 quisque
1056 1403 1172 1467 audeat
1189 1402 1255 1468 ulle

8 1502 60 1568 lll.
103 1509 281 1588 mendacio,
305 1508 384 1574 dicit
406 1509 505 1574 alius:
527 1507 626 1573 imme
651 1508 736 1591 quod
759 1510 819 1573 aits
848 1510 933 1575 noli
956 1510 1068 1575 ualle
1091 1510 1255 1575 mentiri

62 1634 220 1679 roemne
255 1614 521 1693 mendacium,
559 1614 598 1681 de
635 1635 688 1681 ere
721 1616 825 1682 cordis
859 1616 1128 1682 exterminandum
1161 1620 1255 1700 atque

102 1721 306 1787 alienandum
329 1742 399 1789 esse
422 1722 623 1788 mendacium
646 1723 761 1803 uoluit,
781 1727 818 1788 ιιι
837 1742 856 1788 a
874 1723 1063 1806 quibusdam
1083 1724 1255 1790 mendaciis

103 1847 158 1893 ore
190 1830 332 1912 cameris
363 1829 585 1895 abstinendum
618 1830 670 1906 sit,
704 1830 789 1895 sicut
816 1830 874 1895 illa
901 1834 975 1895 sunt
1002 1830 1146 1911 maxime,
1175 1850 1255 1914 quae

101 1934 266 2017 pertinent
291 1935 331 1999 ad
358 1935 534 2022 doctrinam
562 1936 736 2021 religionis,
761 1956 780 2001 a
803 1936 993 2020 quibusdam
1020 1956 1097 2001 uero
1125 1937 1256 2003 nonsit

102 2060 158 2105 ere
191 2042 331 2124 corperis
367 2042 600 2123 abstinendum,
639 2044 666 2109 si
704 2042 831 2109 maioris
868 2044 945 2108 mali
982 2042 1122 2109 enitendi
1159 2061 1255 2108 causa

59 2172 84 2209 ιι
102 2146 214 2233 exigit,
238 2150 421 2213 creantem
445 2148 548 2214 cordis
572 2150 611 2214 ab
635 2149 722 2215 omni
750 2149 914 2215 mendacio
942 2150 1069 2231 penitus
1097 2150 1255 2215 abstinere

101 2254 287 2323 debeamus.
327 2256 384 2321 ubi
424 2259 551 2339 oportet
590 2256 734 2341 intellegi
773 2256 859 2340 quod
900 2256 1023 2322 dictum
1065 2260 1128 2323 ast:
1170 2256 1255 2322 noli

102 2362 234 2440 uelle;
265 2362 415 2428 uoluntas
449 2363 567 2446 quippe
598 2364 670 2447 ipsa
702 2364 794 2446 quasi
827 2384 863 2430 es
892 2363 997 2430 cordis
1026 2364 1190 2447 recipitur,
1218 2368 1255 2429 ut

101 2488 167 2534 non
190 2468 350 2551 pertineat
371 2468 411 2534 ad
434 2487 470 2533 cs
494 2468 609 2548 cordis,
633 2488 707 2535 cum
729 2471 834 2536 maius
858 2470 978 2535 malum
1002 2473 1150 2535 cernentes
1169 2488 1255 2535 men·

99 2577 204 2641 timur
224 2576 330 2645 inniti.
354 2578 405 2641 est
427 2577 597 2642 attentius
619 2576 815 2657 intellectae,
841 2594 904 2660 quo
929 2577 975 2641 sic
993 2576 1144 2659 accipias:
1169 2577 1253 2641 noli

56 2706 82 2743 ιι
100 2701 228 2763 emus,
251 2685 290 2747 ut
311 2683 451 2765 exeeptis
474 2682 635 2765 aliquibus
658 2682 832 2749 mendaciis
855 2682 983 2748 mentiri
1005 2682 1151 2747 desinat.
1175 2688 1255 2748 tam-

100 2808 200 2873 quam
219 2790 247 2854 ai
267 2788 397 2854 diceret:
416 2789 483 2854 neli
498 2789 585 2854 uelle
605 2789 731 2856 credere
750 2790 836 2855 omni
854 2789 986 2868 homini,
1006 2808 1068 2854 non
1086 2790 1198 2873 utique
1217 2797 1254 2855 ut

99 2896 184 2960 nulli
202 2895 393 2975 crederetur,
411 2898 564 2975 moneret,
583 2896 640 2961 sed
658 2901 694 2961 ut
712 2916 774 2961 nen
794 2896 952 2975 omuibus,
971 2896 1131 2979 aliquibus
1146 2900 1252 2961 autem

86 3002 294 3069 eraderetur.
332 3004 367 3067 et
390 3002 435 3081 id,
465 3002 550 3085 qued
577 3003 736 3086 sequitur:
771 3002 1002 3067 assiduitas
1032 3002 1135 3067 anim
1164 3002 1252 3067 eius

99 3126 178 3173 neu
201 3106 402 3191 proficiet
424 3108 471 3172 ad
491 3108 648 3187 bonum,
667 3108 713 3172 ita
731 3109 834 3185 sonat,
851 3108 942 3191 quasi
959 3126 1021 3172 non
1041 3108 1252 3183 emendacio,

53 3241 81 3279 ιι
98 3214 160 3281 sed
188 3216 227 3280 ab
254 3214 384 3280 assidue
407 3215 582 3293 mendacin,
604 3215 638 3280 id
661 3218 712 3280 est
735 3234 753 3279 a
776 3214 1005 3280 consuetudine
1028 3216 1123 3297 atque
1147 3232 1252 3281 amore

98 3320 277 3387 mentiendi
298 3321 465 3405 probibere
486 3320 644 3387 uideatur.
669 3340 732 3405 quo
750 3322 893 3405 prefecto
913 3321 1087 3399 delabatur,
1108 3321 1253 3403 quisquis

98 3428 156 3493 uel
190 3428 276 3494 omni
306 3429 471 3497 mandacio
504 3428 667 3514 putauerit
698 3426 893 3495 abutendum
925 3464 968 3475 -
999 3427 1046 3492 ita
1079 3426 1162 3492 enim
1194 3446 1252 3493 nec

98 3535 183 3601 illud
211 3535 349 3616 cauebit,
376 3534 462 3618 qnod
489 3534 527 3601 fit
552 3535 585 3600 in
609 3534 752 3600 doctrina
774 3534 904 3618 pietatis
929 3538 961 3600 et
982 3532 1161 3619 religionis:
1190 3552 1251 3616 quo

192 3708 310 3765 rnen.
329 3711 355 3779 ι,
375 3711 409 3766 1s
463 3711 498 3765 aa
516 3710 601 3764 neers.
621 3711 646 3773 ι,
667 3710 700 3765 13

135 3834 317 3905 2quisquam
336 3834 373 3889 bd
442 3834 594 3904 itemquess
666 3832 765 3888 dixeris
784 3834 812 3888 R
893 3832 1121 3903 ddestinendurp
1140 3834 1182 3905 (ia
1200 3850 1249 3903 aaa.

98 3921 305 3989 detestandum)
325 3922 356 3976 F
405 3922 606 3993 diuterpretur
623 3921 654 3976 F
714 3922 1007 3977 laed-mendacium
1025 3924 1057 3977 ιἰι
1074 3940 1126 3993 mp.
1145 3940 1179 3977 m.
1199 3924 1251 3993 2γ

98 4011 201 4079 ιιοιιίβ
289 4012 379 4065 8n0n
397 4012 484 4066 solnm
502 4028 591 4083 non-s
671 4013 783 4066 mentiri
803 4013 851 4066 alt.
872 4028 956 4082 ceap
1029 4012 1086 4067 ullu
1107 4010 1251 4066 mendacin

98 4100 145 4168 (ιίι
160 4104 265 4169 ΜΠ
357 4100 390 4155 13
409 4117 426 4155 a
443 4116 495 4154 ιιιιι.
514 4100 543 4155 R
635 4100 668 4156 14
690 4100 762 4155 male
781 4100 888 4155 uitandi
908 4101 937 4173 φ’
1031 4102 1063 4155 15
1083 4100 1253 4171 paenitnsS

98 4190 134 4243 17
153 4188 205 4243 ber
222 4187 282 4259 Bp¹
347 4190 383 4244 23
401 4188 553 4244 adsiduitas
571 4188 609 4243 M
674 4190 710 4243 24
727 4190 836 4261 proficit
853 4188 917 4245 MR
988 4189 1014 4259 a]
1034 4190 1093 4243 es·
1154 4190 1190 4243 26
1209 4188 1249 4243 di·

95 4278 203 4332 labitur
219 4276 301 4348 WB'
319 4276 455 4332 delabitur
474 4276 513 4331 1¹⁸¹
532 4278 675 4334 delabetur
693 4278 730 4333 bd
779 4280 814 4334 27
834 4279 878 4333 uel
896 4294 947 4333 cm.
962 4278 1001 4333 E¹
1037 4278 1072 4332 28
1087 4278 1130 4349 fit]
1146 4281 1188 4332 est
1201 4276 1254 4333 ab

96 4368 165 4437 qun]
184 4373 219 4437 qb
237 4366 278 4421 Ρ
296 4366 368 4437 quod
385 4365 427 4421 Ρ
