3109 4959
493 442 659 499 debono
689 444 896 514 coniugali
1204 447 1269 513 207

115 642 247 721 domini,
273 640 430 725 quomodo
453 642 601 725 placeant
624 641 773 707 domiuo?
808 641 864 707 sed
888 660 1014 723 perrara
1037 646 1112 707 sunt
1134 644 1270 725 -quie

115 752 235 834 negat?
254 786 298 795 -
318 751 351 814 et
374 749 405 813 iu
428 748 498 831 ipsa
521 749 650 815 raritate
669 768 768 833 paene
788 768 909 827 omnes,
928 748 984 831 qui
1003 749 1084 814 tales
1104 753 1189 824 eunt,
1208 767 1270 813 non

115 860 155 923 ut
189 856 271 921 tales
310 856 426 935 essent,
464 855 625 921 conluncti
662 860 746 931 eunt,
786 855 844 921 sed
879 855 943 921 iarn
984 854 1147 923 coniuncti
1187 855 1268 920 tales

116 963 196 1027 lacti
219 966 304 1027 sunt.
1029 1013 1032 1019 ,

82 1081 97 1122 ⁵
163 1070 252 1135 XIII.
287 1071 339 1134 15.
373 1066 435 1148 Qui
468 1068 551 1135 enim
584 1068 684 1135 nostri
720 1068 874 1152 temporit
909 1067 1054 1141 homines
1092 1067 1268 1146 christiani,

117 1174 302 1257 nuptiarum
326 1172 455 1240 uinculo
478 1174 572 1240 liberi
595 1174 738 1240 ualentes
763 1175 802 1239 ab
831 1174 917 1241 omni.
945 1174 1117 1241 concuIItu
1140 1193 1176 1239 se
1199 1192 1270 1239 eon·

117 1280 231 1361 tinere,
256 1300 329 1346 cum
352 1281 415 1345 iam
443 1284 604 1365 tempus
634 1300 724 1347 ease
753 1280 978 1364 perspicerent,
1002 1280 1087 1347 sicut
1114 1280 1270 1363 scripturn

118 1390 277 1467 estnon
312 1388 599 1471 amplectendi,
624 1388 693 1454 sed
726 1385 964 1453 abstinendi
997 1385 1043 1452 ab
1074 1386 1270 1469 amplexu,

118 1512 180 1559 non
205 1494 313 1577 potius
338 1494 493 1578 eligerent
512 1495 565 1558 uel
583 1493 771 1580 uirgiualem
789 1494 844 1560 nel
862 1492 1024 1560 uidualem
1044 1492 1271 1558 continentiam

71 1616 309 1667 1⁰conseruare
333 1620 427 1684 quam
451 1600 688 1666 tribulatorem
713 1601 828 1679 carnis,
852 1601 919 1667 sine
943 1618 1006 1683 qua
1028 1598 1177 1683 coniugia
1200 1618 1271 1664 esse

118 1727 182 1773 non
201 1710 338 1792 possunt
355 1744 400 1755 —
418 1710 456 1772 ut
474 1707 537 1772 alla
554 1711 719 1773 taceantur
737 1726 755 1772 a
774 1707 892 1790 quibus
915 1708 1018 1790 parcit
1042 1706 1207 1789 apostolus
1225 1740 1270 1753 —-

118 1815 209 1881 nullo
242 1814 306 1879 iam
339 1816 471 1899 cogente
505 1814 660 1880 humanae
684 1813 847 1879 societatis
871 1813 978 1878 officio
1002 1813 1180 1879 sustinere?
1213 1812 1271 1876 sed

120 1940 195 1987 cum
220 1920 400 1986 domiuante
425 1919 683 2002 concupiscentia
705 1920 824 1987 fuerint
846 1920 998 2002 copulati,
1019 1919 1047 1985 si
1065 1938 1136 1985 eam
1158 1922 1271 2001 postea

119 2027 268 2105 uicerint,
293 2026 367 2111 quia
390 2046 450 2093 non
475 2027 521 2093 ita
543 2026 620 2093 licet
642 2026 819 2093 dissoluere
837 2026 1032 2111 coniugium,
1051 2026 1137 2093 sicut
1154 2025 1272 2091 licebat

73 2150 100 2191 ιε
118 2152 180 2199 non
206 2134 376 2219 conligare,
401 2134 482 2199 liunt
507 2135 601 2209 tales,
626 2134 735 2217 quales
764 2134 931 2216 profitetur
952 2133 1055 2198 forma
1076 2132 1270 2214 nuptiarum,

118 2243 165 2307 ita
183 2243 223 2307 ut
240 2240 380 2324 uelpari
399 2258 556 2305 consensu
570 2239 743 2305 ascendant
756 2238 923 2305 celsiorem
939 2238 1118 2305 sanctitatis
1137 2238 1283 2323 gradum.
1362 2251 1381 2263 ²

121 2350 188 2425 aut,
213 2347 242 2412 si
265 2366 326 2411 non
355 2346 447 2412 ambo
477 2349 553 2412 sunt
580 2346 673 2423 tales,
697 2346 767 2424 erit,
792 2346 847 2430 qui
874 2345 949 2411 talis
977 2347 1112 2411 estnon
1135 2349 1271 2420 exactor,

122 2454 181 2519 sed
204 2452 345 2519 redditor
368 2452 476 2530 debiti,
502 2471 631 2519 seruans
654 2453 687 2517 in
712 2452 859 2519 omuibus
883 2455 1004 2518 castam
1026 2452 1273 2537 religIosemque

123 2558 334 2625 concordiam.
371 2558 437 2624 illis
474 2577 549 2625 uero
586 2558 794 2642 temporibus,
829 2577 902 2624 cum
939 2559 1043 2623 adbuc
1080 2558 1274 2642 prophetlcis

73 2684 103 2723 2⁰
123 2664 332 2731 sacramentis
365 2664 479 2730 salutis
512 2669 638 2731 nostrae
670 2666 858 2749 mysterium
890 2665 1066 2739 notabatur,
1095 2664 1190 2730 etiam
1219 2664 1273 2747 qui

123 2776 199 2839 aute
223 2772 348 2857 nuptIes
372 2774 453 2837 tales
474 2774 571 2851 erant,
591 2772 695 2839 officio
714 2772 909 2857 propagandi
927 2772 1055 2855 ruptim
1074 2772 1273 2855 copulabant,

122 2897 187 2945 non
221 2878 300 2944 uicti
331 2878 474 2956 libidIne,
499 2878 554 2945 sed
588 2879 675 2944 ducti
708 2880 841 2961 pietate:
875 2878 992 2961 quibus
1021 2878 1048 2943 si
1080 2879 1167 2961 optio
1199 2878 1274 2943 tells

122 2986 263 3063 daretur,
297 2986 400 3068 qualis
432 2988 573 3052 reuelato
606 3006 688 3052 nouo
721 2989 913 3052 testamento
950 2987 1023 3051 data
1066 2989 1116 3051 est
1152 2986 1275 3051 dicente

123 3093 270 3158 domino:
308 3094 376 3176 qui
412 3096 552 3176 potest
589 3112 742 3177 capere,
781 3094 929 3177 capiat,
967 3111 1028 3158 non
1062 3112 1116 3158 eos
1150 3092 1275 3158 dubitat

218 3338 232 3391 I
252 3336 340 3391 Ecele.
359 3336 385 3403 3,
404 3338 421 3392 5
476 3337 511 3391 24
529 3334 628 3391 Matth.
650 3338 691 3399 19,
713 3338 746 3392 12

166 3460 339 3531 lplaceatp
403 3461 542 3530 dnegant
559 3460 592 3515 Κ
663 3462 703 3531 et]
723 3460 796 3531 quod
815 3464 845 3515 et
862 3460 948 3530 (quod
964 3476 987 3516 s.
1007 3461 1036 3526 I.)
1056 3459 1084 3513 A
1146 3460 1276 3515 (inolen-

122 3554 172 3605 tes
189 3550 217 3604 B
288 3548 433 3605 concubitu
452 3548 492 3603 Α*
564 3566 592 3603 ae
611 3566 663 3606 om.
682 3549 856 3605 ΚΜΕΝΧα
928 3549 1029 3618 liam]
1048 3550 1102 3603 iam
1120 3548 1177 3603 tale
1196 3549 1278 3603 Mon

120 3638 185 3693 tale
202 3638 234 3692 E
304 3641 377 3693 esset
393 3638 421 3692 B
493 3638 659 3708 respicerent
677 3638 807 3712 PpAHR
825 3656 876 3693 om.
897 3638 924 3691 B
995 3639 1080 3702 aiente
1100 3638 1127 3691 P
1179 3636 1277 3691 debs·

122 3726 205 3781 tinen
223 3726 260 3779 ΡΙ
280 3725 435 3781 abattnente
454 3728 482 3799 γι
500 3726 650 3783 abstinenti
669 3728 739 3783 ΑΨ
813 3729 848 3783 10
864 3728 1043 3800 obseruarep
1137 3743 1232 3782 carnae
1251 3726 1278 3779 B

123 3832 184 3887 qua
202 3830 253 3869 orn.
271 3816 302 3870 Ε
356 3816 386 3870 ll
407 3820 508 3886 posunt
525 3816 554 3870 B
625 3816 723 3887 quibus
744 3818 785 3883 (ui
801 3833 824 3872 e.
843 3817 862 3871 1.
880 3834 916 3873 m.
935 3820 966 3883 2)
985 3815 1013 3871 P
1067 3818 1099 3871 12
1118 3816 1281 3888 cogentpH

123 3904 218 3961 offitio
238 3907 261 3973 (t
278 3920 334 3973 pro
357 3921 371 3959 c
393 3906 563 3974 eaepieas'me)
582 3906 614 3961 Κ
705 3908 737 3962 13
761 3904 1034 3977 concupiscentiali
1137 3906 1221 3960 IaerIt
1237 3905 1278 3959 R¹

124 3994 153 4049 ei
173 3994 244 4063 earn]
264 4010 290 4057 s;
310 3996 339 4046 ei
358 4013 376 4045 α
458 3995 492 4049 14
510 3994 689 4059 uincerIntB
780 3994 919 4049 dissonare
938 3994 969 4049 Κ
1049 3995 1082 4050 15
1100 3994 1234 4049 conlicare
1253 3994 1281 4049 P

123 4082 286 4152 nuptiarum
304 4082 438 4137 aruncum
457 4084 489 4139 Κ
558 4084 591 4138 16
610 4083 735 4153 gradum]
754 4084 884 4155 gaudium
906 4082 957 4137 OB
1016 4084 1049 4137 17
1068 4087 1132 4139 snut
1151 4083 1230 4137 ambo
1248 4084 1281 4137 X

124 4170 177 4240 qui
195 4170 270 4241 talis]
291 4170 379 4241 qualia
396 4172 539 4227 MENXa
611 4173 680 4228 tales
699 4174 731 4229 Κ
785 4174 819 4228 18
836 4172 1052 4243 relegiosamqne
1066 4172 1097 4227 Κ
1151 4174 1186 4228 20
1205 4172 1278 4227 nela-

122 4260 204 4315 bitur
223 4264 321 4329 (supra
340 4260 351 4312 i
370 4260 436 4315 add.
456 4266 482 4329 a)
500 4261 529 4315 B
547 4262 721 4318 renelabatur
738 4262 864 4317 ΜΕΝΧ
962 4261 995 4317 21
1017 4262 1196 4333 propagandi]
1216 4278 1278 4333 pro·

125 4348 240 4405 creandi
259 4348 290 4403 D
344 4350 377 4403 22
396 4349 466 4405 tales
485 4350 517 4404 Κ
