<?xml version="1.0" encoding="UTF-8"?>
<!DOCTYPE html PUBLIC "-//W3C//DTD XHTML 1.0 Transitional//EN"
    "http://www.w3.org/TR/xhtml1/DTD/xhtml1-transitional.dtd">
<html xmlns="http://www.w3.org/1999/xhtml" xml:lang="en" lang="en">
 <head>
  <title>
</title>
<meta http-equiv="Content-Type" content="text/html;charset=utf-8" />
  <meta name='ocr-system' content='tesseract 3.04.00' />
  <meta name='ocr-capabilities' content='ocr_page ocr_carea ocr_par ocr_line ocrx_word'/>
</head>
<body>
  <div class='ocr_page' id='page_1' title='image "./corpusscriptoru18wiengoog_0178.png"; bbox 0 0 3109 4959; ppageno 0'>
   <div class='ocr_carea' id='block_1_1' title="bbox 290 419 1082 490">
    <p class='ocr_par' dir='ltr' id='par_1_1' title="bbox 290 419 1082 490">
     <span class='ocr_line' id='line_1_1' title="bbox 290 419 1082 490; baseline -0.019 -2"><span class='ocrx_word' id='word_1_1' title='bbox 290 424 351 488; x_wconf 84' lang='lat'>118</span> <span class='ocrx_word' id='word_1_2' title='bbox 642 420 669 474; x_wconf 87' lang='lat' dir='ltr'>S.</span> <span class='ocrx_word' id='word_1_3' title='bbox 696 419 836 474; x_wconf 78' lang='lat' dir='ltr'><strong>Aureli</strong></span> <span class='ocrx_word' id='word_1_4' title='bbox 864 420 1082 490; x_wconf 77' lang='lat' dir='ltr'><strong>Augustini</strong></span> 
     </span>
    </p>
   </div>
   <div class='ocr_carea' id='block_1_2' title="bbox 284 616 1550 3151">
    <p class='ocr_par' dir='ltr' id='par_1_2' title="bbox 285 616 1550 1978">
     <span class='ocr_line' id='line_1_2' title="bbox 287 616 1440 702; baseline -0.001 -20"><span class='ocrx_word' id='word_1_5' title='bbox 287 618 429 702; x_wconf 75' lang='lat' dir='ltr'>cognitio</span> <span class='ocrx_word' id='word_1_6' title='bbox 454 620 487 683; x_wconf 89' lang='lat' dir='ltr'>et</span> <span class='ocrx_word' id='word_1_7' title='bbox 509 618 592 682; x_wconf 89' lang='lat' dir='ltr'>actio</span> <span class='ocrx_word' id='word_1_8' title='bbox 615 616 746 682; x_wconf 87' lang='lat' dir='ltr'>beatum</span> <span class='ocrx_word' id='word_1_9' title='bbox 768 616 930 682; x_wconf 91' lang='lat' dir='ltr'>hominem</span> <span class='ocrx_word' id='word_1_10' title='bbox 953 617 1081 695; x_wconf 88' lang='lat' dir='ltr'>faciant,</span> <span class='ocrx_word' id='word_1_11' title='bbox 1103 616 1188 682; x_wconf 88' lang='lat' dir='ltr'>siout</span> <span class='ocrx_word' id='word_1_12' title='bbox 1206 616 1237 681; x_wconf 93' lang='lat' dir='ltr'>in</span> <span class='ocrx_word' id='word_1_13' title='bbox 1258 616 1440 701; x_wconf 78' lang='lat' dir='ltr'>cognitione</span> 
     </span>
     <span class='ocr_line' id='line_1_3' title="bbox 288 723 1441 804; baseline -0.002 -16"><span class='ocrx_word' id='word_1_14' title='bbox 288 724 449 789; x_wconf 91' lang='lat' dir='ltr'>cauendus</span> <span class='ocrx_word' id='word_1_15' title='bbox 480 729 530 789; x_wconf 90' lang='lat' dir='ltr'>est</span> <span class='ocrx_word' id='word_1_16' title='bbox 552 744 646 800; x_wconf 88' lang='lat' dir='ltr'>error,</span> <span class='ocrx_word' id='word_1_17' title='bbox 670 723 772 789; x_wconf 90' lang='lat' dir='ltr'>sicin</span> <span class='ocrx_word' id='word_1_18' title='bbox 798 724 921 789; x_wconf 90' lang='lat' dir='ltr'>actione</span> <span class='ocrx_word' id='word_1_19' title='bbox 946 723 1086 788; x_wconf 88' lang='lat' dir='ltr'>cauenda</span> <span class='ocrx_word' id='word_1_20' title='bbox 1109 726 1159 788; x_wconf 87' lang='lat' dir='ltr'>est</span> <span class='ocrx_word' id='word_1_21' title='bbox 1181 724 1333 804; x_wconf 81' lang='lat' dir='ltr'>nequitia.</span> <span class='ocrx_word' id='word_1_22' title='bbox 1358 728 1441 788; x_wconf 87' lang='lat' dir='ltr'>errat</span> 
     </span>
     <span class='ocr_line' id='line_1_4' title="bbox 286 830 1438 915; baseline -0.002 -20"><span class='ocrx_word' id='word_1_23' title='bbox 286 834 393 895; x_wconf 91' lang='lat' dir='ltr'>autem</span> <span class='ocrx_word' id='word_1_24' title='bbox 431 830 578 914; x_wconf 89' lang='lat' dir='ltr'>quisquis</span> <span class='ocrx_word' id='word_1_25' title='bbox 610 833 703 914; x_wconf 89' lang='lat' dir='ltr'>putat</span> <span class='ocrx_word' id='word_1_26' title='bbox 734 832 903 894; x_wconf 87' lang='lat' dir='ltr'>ueritatem</span> <span class='ocrx_word' id='word_1_27' title='bbox 938 850 971 895; x_wconf 88' lang='lat' dir='ltr'>se</span> <span class='ocrx_word' id='word_1_28' title='bbox 1003 850 1098 913; x_wconf 88' lang='lat' dir='ltr'>posse</span> <span class='ocrx_word' id='word_1_29' title='bbox 1132 849 1331 915; x_wconf 80' lang='lat' dir='ltr'>cognoscere,</span> <span class='ocrx_word' id='word_1_30' title='bbox 1366 849 1438 894; x_wconf 91' lang='lat' dir='ltr'>cum</span> 
     </span>
     <span class='ocr_line' id='line_1_5' title="bbox 285 936 1438 1020; baseline 0 -21"><span class='ocrx_word' id='word_1_31' title='bbox 285 937 389 1002; x_wconf 89' lang='lat' dir='ltr'>adhuc</span> <span class='ocrx_word' id='word_1_32' title='bbox 421 939 568 1020; x_wconf 88' lang='lat' dir='ltr'>nequiter</span> <span class='ocrx_word' id='word_1_33' title='bbox 597 938 699 1001; x_wconf 89' lang='lat' dir='ltr'>uiuat.</span> <span class='ocrx_word' id='word_1_34' title='bbox 736 936 879 1019; x_wconf 83' lang='lat' dir='ltr'>nequitia</span> <span class='ocrx_word' id='word_1_35' title='bbox 916 942 966 1001; x_wconf 89' lang='lat' dir='ltr'>est</span> <span class='ocrx_word' id='word_1_36' title='bbox 1003 941 1110 1002; x_wconf 90' lang='lat' dir='ltr'>autem</span> <span class='ocrx_word' id='word_1_37' title='bbox 1146 936 1302 1002; x_wconf 89' lang='lat' dir='ltr'>mundum</span> <span class='ocrx_word' id='word_1_38' title='bbox 1338 936 1438 1001; x_wconf 89' lang='lat' dir='ltr'>istum</span> 
     </span>
     <span class='ocr_line' id='line_1_6' title="bbox 286 1042 1483 1128; baseline -0.001 -21"><span class='ocrx_word' id='word_1_39' title='bbox 286 1042 419 1127; x_wconf 89' lang='lat' dir='ltr'>diligere</span> <span class='ocrx_word' id='word_1_40' title='bbox 443 1046 475 1107; x_wconf 86' lang='lat' dir='ltr'>et</span> <span class='ocrx_word' id='word_1_41' title='bbox 499 1062 645 1126; x_wconf 74' lang='lat' dir='ltr'>eaquae</span> <span class='ocrx_word' id='word_1_42' title='bbox 668 1047 843 1107; x_wconf 90' lang='lat' dir='ltr'>nascuntur</span> <span class='ocrx_word' id='word_1_43' title='bbox 866 1046 898 1107; x_wconf 90' lang='lat' dir='ltr'>et</span> <span class='ocrx_word' id='word_1_44' title='bbox 919 1048 1094 1121; x_wconf 87' lang='lat' dir='ltr'>transeunt,</span> <span class='ocrx_word' id='word_1_45' title='bbox 1114 1064 1170 1127; x_wconf 86' lang='lat' dir='ltr'>pro</span> <span class='ocrx_word' id='word_1_46' title='bbox 1189 1062 1304 1128; x_wconf 91' lang='lat' dir='ltr'>magno</span> <span class='ocrx_word' id='word_1_47' title='bbox 1323 1044 1440 1109; x_wconf 89' lang='lat' dir='ltr'>habere</span> <span class='ocrx_word' id='word_1_48' title='bbox 1470 1066 1483 1106; x_wconf 80' lang='lat' dir='ltr'>a</span> 
     </span>
     <span class='ocr_line' id='line_1_7' title="bbox 287 1149 1440 1234; baseline 0.001 -21"><span class='ocrx_word' id='word_1_49' title='bbox 287 1154 320 1213; x_wconf 90' lang='lat' dir='ltr'>et</span> <span class='ocrx_word' id='word_1_50' title='bbox 346 1170 383 1215; x_wconf 89' lang='lat' dir='ltr'>ea</span> <span class='ocrx_word' id='word_1_51' title='bbox 411 1150 634 1233; x_wconf 86' lang='lat' dir='ltr'>concupiscere</span> <span class='ocrx_word' id='word_1_52' title='bbox 668 1153 699 1214; x_wconf 87' lang='lat' dir='ltr'>et</span> <span class='ocrx_word' id='word_1_53' title='bbox 730 1170 786 1233; x_wconf 91' lang='lat' dir='ltr'>pro</span> <span class='ocrx_word' id='word_1_54' title='bbox 819 1150 870 1215; x_wconf 88' lang='lat' dir='ltr'>his</span> <span class='ocrx_word' id='word_1_55' title='bbox 903 1149 1055 1228; x_wconf 91' lang='lat' dir='ltr'>laborare,</span> <span class='ocrx_word' id='word_1_56' title='bbox 1084 1154 1121 1215; x_wconf 94' lang='lat' dir='ltr'>ut</span> <span class='ocrx_word' id='word_1_57' title='bbox 1153 1151 1374 1234; x_wconf 86' lang='lat' dir='ltr'>adqui1·antur;</span> <span class='ocrx_word' id='word_1_58' title='bbox 1409 1154 1440 1215; x_wconf 86' lang='lat' dir='ltr'>et</span> 
     </span>
     <span class='ocr_line' id='line_1_8' title="bbox 285 1255 1438 1339; baseline -0.001 -19"><span class='ocrx_word' id='word_1_59' title='bbox 285 1257 406 1336; x_wconf 87' lang='lat' dir='ltr'>laetari,</span> <span class='ocrx_word' id='word_1_60' title='bbox 432 1276 505 1321; x_wconf 91' lang='lat' dir='ltr'>cum</span> <span class='ocrx_word' id='word_1_61' title='bbox 534 1256 732 1334; x_wconf 77' lang='lat' dir='ltr'>abundarint,</span> <span class='ocrx_word' id='word_1_62' title='bbox 758 1259 790 1320; x_wconf 89' lang='lat' dir='ltr'>et</span> <span class='ocrx_word' id='word_1_63' title='bbox 817 1255 939 1334; x_wconf 87' lang='lat' dir='ltr'>timere,</span> <span class='ocrx_word' id='word_1_64' title='bbox 964 1274 1002 1320; x_wconf 90' lang='lat' dir='ltr'>ne</span> <span class='ocrx_word' id='word_1_65' title='bbox 1025 1260 1165 1339; x_wconf 87' lang='lat' dir='ltr'>pereant,</span> <span class='ocrx_word' id='word_1_66' title='bbox 1190 1260 1223 1321; x_wconf 89' lang='lat' dir='ltr'>et</span> <span class='ocrx_word' id='word_1_67' title='bbox 1246 1256 1438 1330; x_wconf 83' lang='lat' dir='ltr'>contristari,</span> 
     </span>
     <span class='ocr_line' id='line_1_9' title="bbox 287 1362 1439 1446; baseline -0.001 -18"><span class='ocrx_word' id='word_1_68' title='bbox 287 1382 359 1428; x_wconf 92' lang='lat' dir='ltr'>oum</span> <span class='ocrx_word' id='word_1_69' title='bbox 387 1368 531 1446; x_wconf 90' lang='lat' dir='ltr'>pereunt.</span> <span class='ocrx_word' id='word_1_70' title='bbox 555 1363 630 1427; x_wconf 89' lang='lat' dir='ltr'>talis</span> <span class='ocrx_word' id='word_1_71' title='bbox 659 1362 726 1426; x_wconf 87' lang='lat' dir='ltr'>uita</span> <span class='ocrx_word' id='word_1_72' title='bbox 753 1381 816 1427; x_wconf 92' lang='lat' dir='ltr'>uon</span> <span class='ocrx_word' id='word_1_73' title='bbox 844 1366 951 1445; x_wconf 89' lang='lat' dir='ltr'>potest</span> <span class='ocrx_word' id='word_1_74' title='bbox 978 1381 1089 1444; x_wconf 90' lang='lat' dir='ltr'>puram</span> <span class='ocrx_word' id='word_1_75' title='bbox 1114 1362 1202 1427; x_wconf 90' lang='lat' dir='ltr'>illam</span> <span class='ocrx_word' id='word_1_76' title='bbox 1226 1365 1259 1428; x_wconf 89' lang='lat' dir='ltr'>et</span> <span class='ocrx_word' id='word_1_77' title='bbox 1281 1363 1439 1427; x_wconf 87' lang='lat' dir='ltr'>sinceram</span> 
     </span>
     <span class='ocr_line' id='line_1_10' title="bbox 286 1468 1438 1536; baseline 0.002 -3"><span class='ocrx_word' id='word_1_78' title='bbox 286 1475 319 1534; x_wconf 89' lang='lat' dir='ltr'>et</span> <span class='ocrx_word' id='word_1_79' title='bbox 349 1469 643 1535; x_wconf 88' lang='lat' dir='ltr'>incommutabilem</span> <span class='ocrx_word' id='word_1_80' title='bbox 675 1469 783 1534; x_wconf 88' lang='lat' dir='ltr'>uidere</span> <span class='ocrx_word' id='word_1_81' title='bbox 817 1469 984 1534; x_wconf 86' lang='lat' dir='ltr'>ueritatem</span> <span class='ocrx_word' id='word_1_82' title='bbox 1018 1472 1051 1533; x_wconf 89' lang='lat' dir='ltr'>et</span> <span class='ocrx_word' id='word_1_83' title='bbox 1081 1468 1241 1536; x_wconf 87' lang='lat' dir='ltr'>inhaerere</span> <span class='ocrx_word' id='word_1_84' title='bbox 1269 1470 1318 1534; x_wconf 91' lang='lat' dir='ltr'>illi</span> <span class='ocrx_word' id='word_1_85' title='bbox 1346 1474 1379 1534; x_wconf 92' lang='lat' dir='ltr'>et</span> <span class='ocrx_word' id='word_1_86' title='bbox 1406 1471 1438 1535; x_wconf 94' lang='lat' dir='ltr'>in</span> 
     </span>
     <span class='ocr_line' id='line_1_11' title="bbox 287 1575 1550 1659; baseline -0.002 -18"><span class='ocrx_word' id='word_1_87' title='bbox 287 1580 450 1641; x_wconf 89' lang='lat' dir='ltr'>aeternum</span> <span class='ocrx_word' id='word_1_88' title='bbox 482 1576 545 1640; x_wconf 88' lang='lat' dir='ltr'>iam</span> <span class='ocrx_word' id='word_1_89' title='bbox 578 1596 639 1641; x_wconf 92' lang='lat' dir='ltr'>non</span> <span class='ocrx_word' id='word_1_90' title='bbox 673 1577 806 1642; x_wconf 90' lang='lat' dir='ltr'>moueri.</span> <span class='ocrx_word' id='word_1_91' title='bbox 844 1576 951 1659; x_wconf 89' lang='lat' dir='ltr'>itaque</span> <span class='ocrx_word' id='word_1_92' title='bbox 984 1575 1170 1659; x_wconf 90' lang='lat' dir='ltr'>priusquam</span> <span class='ocrx_word' id='word_1_93' title='bbox 1201 1596 1292 1641; x_wconf 89' lang='lat' dir='ltr'>mens</span> <span class='ocrx_word' id='word_1_94' title='bbox 1329 1580 1439 1641; x_wconf 85' lang='lat' dir='ltr'>nostra</span> <span class='ocrx_word' id='word_1_95' title='bbox 1458 1600 1481 1638; x_wconf 75' lang='lat' dir='ltr'>so</span> <span class='ocrx_word' id='word_1_96' title='bbox 1549 1606 1550 1613; x_wconf 44' lang='lat'>,</span> 
     </span>
     <span class='ocr_line' id='line_1_12' title="bbox 285 1681 1438 1767; baseline 0.002 -20"><span class='ocrx_word' id='word_1_97' title='bbox 285 1685 447 1767; x_wconf 85' lang='lat' dir='ltr'>purgetur,</span> <span class='ocrx_word' id='word_1_98' title='bbox 466 1683 617 1748; x_wconf 90' lang='lat' dir='ltr'>debemus</span> <span class='ocrx_word' id='word_1_99' title='bbox 642 1683 767 1747; x_wconf 87' lang='lat' dir='ltr'>credere</span> <span class='ocrx_word' id='word_1_100' title='bbox 799 1682 884 1765; x_wconf 93' lang='lat' dir='ltr'>quod</span> <span class='ocrx_word' id='word_1_101' title='bbox 910 1681 1095 1767; x_wconf 87' lang='lat' dir='ltr'>intellegere</span> <span class='ocrx_word' id='word_1_102' title='bbox 1118 1682 1257 1747; x_wconf 92' lang='lat' dir='ltr'>nondum</span> <span class='ocrx_word' id='word_1_103' title='bbox 1280 1684 1438 1756; x_wconf 86' lang='lat' dir='ltr'>ualemus,</span> 
     </span>
     <span class='ocr_line' id='line_1_13' title="bbox 286 1788 1438 1871; baseline 0.001 -18"><span class='ocrx_word' id='word_1_104' title='bbox 286 1790 434 1871; x_wconf 90' lang='lat' dir='ltr'>quoniam</span> <span class='ocrx_word' id='word_1_105' title='bbox 463 1790 631 1855; x_wconf 89' lang='lat' dir='ltr'>uerissime</span> <span class='ocrx_word' id='word_1_106' title='bbox 661 1789 782 1853; x_wconf 88' lang='lat' dir='ltr'>dictum</span> <span class='ocrx_word' id='word_1_107' title='bbox 812 1792 862 1853; x_wconf 91' lang='lat' dir='ltr'>est</span> <span class='ocrx_word' id='word_1_108' title='bbox 888 1809 944 1871; x_wconf 91' lang='lat' dir='ltr'>per</span> <span class='ocrx_word' id='word_1_109' title='bbox 971 1790 1171 1871; x_wconf 86' lang='lat' dir='ltr'>prophetam:</span> <span class='ocrx_word' id='word_1_110' title='bbox 1203 1788 1285 1854; x_wconf 91' lang='lat' dir='ltr'>nisi</span> <span class='ocrx_word' id='word_1_111' title='bbox 1314 1790 1438 1855; x_wconf 88' lang='lat' dir='ltr'>oredi-</span> 
     </span>
     <span class='ocr_line' id='line_1_14' title="bbox 286 1895 844 1978; baseline 0 -19"><span class='ocrx_word' id='word_1_112' title='bbox 286 1895 445 1973; x_wconf 88' lang='lat' dir='ltr'>deritis,</span> <span class='ocrx_word' id='word_1_113' title='bbox 469 1915 542 1960; x_wconf 94' lang='lat' dir='ltr'>non</span> <span class='ocrx_word' id='word_1_114' title='bbox 565 1896 844 1978; x_wconf 88' lang='lat' dir='ltr'>intellegetis.</span> 
     </span>
    </p>

    <p class='ocr_par' dir='ltr' id='par_1_3' title="bbox 285 2001 1481 2828">
     <span class='ocr_line' id='line_1_15' title="bbox 332 2001 1439 2085; baseline 0.002 -19"><span class='ocrx_word' id='word_1_115' title='bbox 332 2005 384 2067; x_wconf 88' lang='lat'>15.</span> <span class='ocrx_word' id='word_1_116' title='bbox 408 2002 503 2067; x_wconf 82' lang='lat' dir='ltr'>Fides</span> <span class='ocrx_word' id='word_1_117' title='bbox 531 2001 563 2066; x_wconf 90' lang='lat' dir='ltr'>in</span> <span class='ocrx_word' id='word_1_118' title='bbox 592 2002 727 2067; x_wconf 89' lang='lat' dir='ltr'>ecclesia</span> <span class='ocrx_word' id='word_1_119' title='bbox 753 2001 942 2067; x_wconf 90' lang='lat' dir='ltr'>breuissime</span> <span class='ocrx_word' id='word_1_120' title='bbox 965 2002 1111 2081; x_wconf 82' lang='lat' dir='ltr'>traditur,</span> <span class='ocrx_word' id='word_1_121' title='bbox 1136 2002 1168 2066; x_wconf 93' lang='lat' dir='ltr'>in</span> <span class='ocrx_word' id='word_1_122' title='bbox 1193 2022 1255 2085; x_wconf 89' lang='lat' dir='ltr'>qua</span> <span class='ocrx_word' id='word_1_123' title='bbox 1279 2022 1439 2068; x_wconf 88' lang='lat' dir='ltr'>commen·</span> 
     </span>
     <span class='ocr_line' id='line_1_16' title="bbox 286 2108 1480 2193; baseline -0.001 -20"><span class='ocrx_word' id='word_1_124' title='bbox 286 2108 401 2173; x_wconf 90' lang='lat' dir='ltr'>dantur</span> <span class='ocrx_word' id='word_1_125' title='bbox 423 2113 557 2188; x_wconf 87' lang='lat' dir='ltr'>aeterna,</span> <span class='ocrx_word' id='word_1_126' title='bbox 582 2128 661 2191; x_wconf 87' lang='lat' dir='ltr'>quae</span> <span class='ocrx_word' id='word_1_127' title='bbox 689 2108 835 2193; x_wconf 89' lang='lat' dir='ltr'>intellegi</span> <span class='ocrx_word' id='word_1_128' title='bbox 864 2128 881 2173; x_wconf 90' lang='lat' dir='ltr'>a</span> <span class='ocrx_word' id='word_1_129' title='bbox 910 2108 1087 2174; x_wconf 87' lang='lat' dir='ltr'>carnalibus</span> <span class='ocrx_word' id='word_1_130' title='bbox 1119 2109 1257 2174; x_wconf 92' lang='lat' dir='ltr'>nondum</span> <span class='ocrx_word' id='word_1_131' title='bbox 1290 2116 1438 2193; x_wconf 88' lang='lat' dir='ltr'>possunt,</span> <span class='ocrx_word' id='word_1_132' title='bbox 1456 2130 1480 2172; x_wconf 73' lang='grc' dir='ltr'>ιε</span> 
     </span>
     <span class='ocr_line' id='line_1_17' title="bbox 286 2215 1438 2298; baseline 0.003 -19"><span class='ocrx_word' id='word_1_133' title='bbox 286 2220 317 2279; x_wconf 88' lang='lat' dir='ltr'>st</span> <span class='ocrx_word' id='word_1_134' title='bbox 344 2215 533 2297; x_wconf 88' lang='lat' dir='ltr'>temporalia</span> <span class='ocrx_word' id='word_1_135' title='bbox 558 2216 728 2298; x_wconf 90' lang='lat' dir='ltr'>praeterita</span> <span class='ocrx_word' id='word_1_136' title='bbox 756 2217 789 2280; x_wconf 91' lang='lat' dir='ltr'>et</span> <span class='ocrx_word' id='word_1_137' title='bbox 815 2216 932 2293; x_wconf 83' lang='lat' dir='ltr'>lutura,</span> <span class='ocrx_word' id='word_1_138' title='bbox 957 2234 1036 2298; x_wconf 89' lang='lat' dir='ltr'>quac</span> <span class='ocrx_word' id='word_1_139' title='bbox 1063 2235 1119 2298; x_wconf 91' lang='lat' dir='ltr'>pro</span> <span class='ocrx_word' id='word_1_140' title='bbox 1144 2216 1246 2281; x_wconf 88' lang='lat' dir='ltr'>salute</span> <span class='ocrx_word' id='word_1_141' title='bbox 1269 2217 1438 2282; x_wconf 90' lang='lat' dir='ltr'>hominum</span> 
     </span>
     <span class='ocr_line' id='line_1_18' title="bbox 285 2320 1438 2405; baseline -0.001 -19"><span class='ocrx_word' id='word_1_142' title='bbox 285 2320 388 2405; x_wconf 84' lang='lat' dir='ltr'>gessit</span> <span class='ocrx_word' id='word_1_143' title='bbox 414 2326 447 2385; x_wconf 90' lang='lat' dir='ltr'>et</span> <span class='ocrx_word' id='word_1_144' title='bbox 474 2323 606 2405; x_wconf 87' lang='lat' dir='ltr'>gestura</span> <span class='ocrx_word' id='word_1_145' title='bbox 634 2324 683 2384; x_wconf 90' lang='lat' dir='ltr'>est</span> <span class='ocrx_word' id='word_1_146' title='bbox 712 2322 881 2387; x_wconf 84' lang='lat' dir='ltr'>aeternitas</span> <span class='ocrx_word' id='word_1_147' title='bbox 910 2320 1036 2385; x_wconf 87' lang='lat' dir='ltr'>diuinae</span> <span class='ocrx_word' id='word_1_148' title='bbox 1069 2320 1296 2402; x_wconf 84' lang='lat' dir='ltr'>prouidentiae.</span> <span class='ocrx_word' id='word_1_149' title='bbox 1331 2322 1438 2386; x_wconf 87' lang='lat' dir='ltr'>creda-</span> 
     </span>
     <span class='ocr_line' id='line_1_19' title="bbox 285 2427 1438 2511; baseline 0.001 -19"><span class='ocrx_word' id='word_1_150' title='bbox 285 2448 357 2492; x_wconf 91' lang='lat' dir='ltr'>mus</span> <span class='ocrx_word' id='word_1_151' title='bbox 390 2447 466 2511; x_wconf 90' lang='lat' dir='ltr'>ergo</span> <span class='ocrx_word' id='word_1_152' title='bbox 497 2428 530 2492; x_wconf 92' lang='lat' dir='ltr'>in</span> <span class='ocrx_word' id='word_1_153' title='bbox 562 2431 683 2510; x_wconf 89' lang='lat' dir='ltr'>patrem</span> <span class='ocrx_word' id='word_1_154' title='bbox 718 2432 751 2491; x_wconf 88' lang='lat' dir='ltr'>et</span> <span class='ocrx_word' id='word_1_155' title='bbox 781 2427 885 2491; x_wconf 86' lang='lat' dir='ltr'>tilium</span> <span class='ocrx_word' id='word_1_156' title='bbox 919 2430 951 2491; x_wconf 91' lang='lat' dir='ltr'>et</span> <span class='ocrx_word' id='word_1_157' title='bbox 983 2427 1131 2509; x_wconf 89' lang='lat' dir='ltr'>spiritum</span> <span class='ocrx_word' id='word_1_158' title='bbox 1164 2431 1325 2504; x_wconf 78' lang='lat' dir='ltr'>sanctum3</span> <span class='ocrx_word' id='word_1_159' title='bbox 1360 2429 1438 2493; x_wconf 86' lang='lat' dir='ltr'>haec</span> 
     </span>
     <span class='ocr_line' id='line_1_20' title="bbox 285 2533 1439 2613; baseline 0.001 -15"><span class='ocrx_word' id='word_1_160' title='bbox 285 2537 411 2598; x_wconf 88' lang='lat' dir='ltr'>aeterna</span> <span class='ocrx_word' id='word_1_161' title='bbox 433 2538 508 2598; x_wconf 89' lang='lat' dir='ltr'>sunt</span> <span class='ocrx_word' id='word_1_162' title='bbox 532 2537 564 2599; x_wconf 90' lang='lat' dir='ltr'>et</span> <span class='ocrx_word' id='word_1_163' title='bbox 586 2534 869 2612; x_wconf 82' lang='lat' dir='ltr'>incommutabilia,</span> <span class='ocrx_word' id='word_1_164' title='bbox 894 2533 927 2597; x_wconf 93' lang='lat' dir='ltr'>id</span> <span class='ocrx_word' id='word_1_165' title='bbox 951 2536 1000 2599; x_wconf 89' lang='lat' dir='ltr'>est</span> <span class='ocrx_word' id='word_1_166' title='bbox 1023 2552 1105 2598; x_wconf 90' lang='lat' dir='ltr'>unus</span> <span class='ocrx_word' id='word_1_167' title='bbox 1130 2533 1219 2613; x_wconf 89' lang='lat' dir='ltr'>deus,</span> <span class='ocrx_word' id='word_1_168' title='bbox 1243 2533 1339 2599; x_wconf 90' lang='lat' dir='ltr'>unius</span> <span class='ocrx_word' id='word_1_169' title='bbox 1364 2536 1439 2599; x_wconf 89' lang='lat' dir='ltr'>sub-</span> 
     </span>
     <span class='ocr_line' id='line_1_21' title="bbox 287 2640 1481 2723; baseline 0.001 -19"><span class='ocrx_word' id='word_1_170' title='bbox 287 2640 421 2704; x_wconf 88' lang='lat' dir='ltr'>stantiae</span> <span class='ocrx_word' id='word_1_171' title='bbox 441 2641 566 2705; x_wconf 86' lang='lat' dir='ltr'>trinitas</span> <span class='ocrx_word' id='word_1_172' title='bbox 585 2644 721 2717; x_wconf 87' lang='lat' dir='ltr'>aeterna,</span> <span class='ocrx_word' id='word_1_173' title='bbox 742 2640 831 2720; x_wconf 90' lang='lat' dir='ltr'>deus,</span> <span class='ocrx_word' id='word_1_174' title='bbox 852 2658 888 2704; x_wconf 84' lang='lat' dir='ltr'>ex</span> <span class='ocrx_word' id='word_1_175' title='bbox 907 2659 969 2723; x_wconf 89' lang='lat' dir='ltr'>quo</span> <span class='ocrx_word' id='word_1_176' title='bbox 990 2640 1104 2719; x_wconf 89' lang='lat' dir='ltr'>omnia,</span> <span class='ocrx_word' id='word_1_177' title='bbox 1124 2658 1181 2722; x_wconf 92' lang='lat' dir='ltr'>per</span> <span class='ocrx_word' id='word_1_178' title='bbox 1204 2660 1298 2723; x_wconf 88' lang='lat' dir='ltr'>quem</span> <span class='ocrx_word' id='word_1_179' title='bbox 1322 2640 1438 2719; x_wconf 87' lang='lat' dir='ltr'>omnia,</span> <span class='ocrx_word' id='word_1_180' title='bbox 1456 2666 1481 2705; x_wconf 83' lang='lat' dir='ltr'>sc</span> 
     </span>
     <span class='ocr_line' id='line_1_22' title="bbox 285 2746 540 2828; baseline -0.004 -18"><span class='ocrx_word' id='word_1_181' title='bbox 285 2747 316 2810; x_wconf 86' lang='lat' dir='ltr'>in</span> <span class='ocrx_word' id='word_1_182' title='bbox 342 2765 403 2828; x_wconf 92' lang='lat' dir='ltr'>quo</span> <span class='ocrx_word' id='word_1_183' title='bbox 429 2746 540 2812; x_wconf 90' lang='lat' dir='ltr'>omnia.</span> 
     </span>
    </p>

    <p class='ocr_par' dir='ltr' id='par_1_4' title="bbox 284 2850 1438 3151">
     <span class='ocr_line' id='line_1_23' title="bbox 330 2850 1438 2934; baseline 0.002 -18"><span class='ocrx_word' id='word_1_184' title='bbox 330 2852 433 2917; x_wconf 86' lang='lat' dir='ltr'><strong>XIIII.</strong></span> <span class='ocrx_word' id='word_1_185' title='bbox 464 2854 515 2917; x_wconf 89' lang='grc'>16.</span> <span class='ocrx_word' id='word_1_186' title='bbox 543 2852 612 2917; x_wconf 86' lang='lat' dir='ltr'>Nec</span> <span class='ocrx_word' id='word_1_187' title='bbox 640 2870 694 2916; x_wconf 88' lang='lat' dir='ltr'>eos</span> <span class='ocrx_word' id='word_1_188' title='bbox 723 2852 901 2932; x_wconf 89' lang='lat' dir='ltr'>audiamus,</span> <span class='ocrx_word' id='word_1_189' title='bbox 931 2852 985 2934; x_wconf 88' lang='lat' dir='ltr'>qui</span> <span class='ocrx_word' id='word_1_190' title='bbox 1013 2850 1123 2916; x_wconf 88' lang='lat' dir='ltr'>dicunt</span> <span class='ocrx_word' id='word_1_191' title='bbox 1149 2856 1271 2934; x_wconf 88' lang='lat' dir='ltr'>patrem</span> <span class='ocrx_word' id='word_1_192' title='bbox 1297 2854 1438 2918; x_wconf 92' lang='lat' dir='ltr'>tautum-</span> 
     </span>
     <span class='ocr_line' id='line_1_24' title="bbox 284 2958 1438 3041; baseline 0.001 -19"><span class='ocrx_word' id='word_1_193' title='bbox 284 2958 378 3024; x_wconf 92' lang='lat' dir='ltr'>modo</span> <span class='ocrx_word' id='word_1_194' title='bbox 394 2978 465 3023; x_wconf 88' lang='lat' dir='ltr'>esse</span> <span class='ocrx_word' id='word_1_195' title='bbox 479 2978 537 3023; x_wconf 92' lang='lat' dir='ltr'>nec</span> <span class='ocrx_word' id='word_1_196' title='bbox 552 2959 669 3023; x_wconf 88' lang='lat' dir='ltr'>habere</span> <span class='ocrx_word' id='word_1_197' title='bbox 683 2958 787 3022; x_wconf 90' lang='lat' dir='ltr'>filium</span> <span class='ocrx_word' id='word_1_198' title='bbox 801 2978 858 3023; x_wconf 92' lang='lat' dir='ltr'>nec</span> <span class='ocrx_word' id='word_1_199' title='bbox 875 2978 945 3025; x_wconf 89' lang='lat' dir='ltr'>esse</span> <span class='ocrx_word' id='word_1_200' title='bbox 962 2978 1034 3023; x_wconf 89' lang='lat' dir='ltr'>cum</span> <span class='ocrx_word' id='word_1_201' title='bbox 1055 2978 1091 3023; x_wconf 91' lang='lat' dir='ltr'>so</span> <span class='ocrx_word' id='word_1_202' title='bbox 1111 2959 1257 3041; x_wconf 84' lang='lat' dir='ltr'>spiritum</span> <span class='ocrx_word' id='word_1_203' title='bbox 1278 2964 1438 3038; x_wconf 87' lang='lat' dir='ltr'>sanctum,</span> 
     </span>
     <span class='ocr_line' id='line_1_25' title="bbox 286 3065 1438 3151; baseline 0.001 -21"><span class='ocrx_word' id='word_1_204' title='bbox 286 3065 341 3130; x_wconf 91' lang='lat' dir='ltr'>sed</span> <span class='ocrx_word' id='word_1_205' title='bbox 369 3066 475 3149; x_wconf 92' lang='lat' dir='ltr'>ipsum</span> <span class='ocrx_word' id='word_1_206' title='bbox 498 3071 621 3150; x_wconf 88' lang='lat' dir='ltr'>patrem</span> <span class='ocrx_word' id='word_1_207' title='bbox 646 3065 815 3147; x_wconf 88' lang='lat' dir='ltr'>aliquando</span> <span class='ocrx_word' id='word_1_208' title='bbox 839 3066 989 3151; x_wconf 86' lang='lat' dir='ltr'>appellari</span> <span class='ocrx_word' id='word_1_209' title='bbox 1014 3066 1128 3145; x_wconf 90' lang='lat' dir='ltr'>filium,</span> <span class='ocrx_word' id='word_1_210' title='bbox 1153 3066 1323 3149; x_wconf 89' lang='lat' dir='ltr'>aliquando</span> <span class='ocrx_word' id='word_1_211' title='bbox 1347 3068 1438 3150; x_wconf 90' lang='lat' dir='ltr'>spiri-</span> 
     </span>
    </p>
   </div>
   <div class='ocr_carea' id='block_1_3' title="bbox 375 3290 908 3357">
    <p class='ocr_par' dir='ltr' id='par_1_5' title="bbox 375 3290 908 3357">
     <span class='ocr_line' id='line_1_26' title="bbox 375 3290 908 3357; baseline 0.004 -12"><span class='ocrx_word' id='word_1_212' title='bbox 375 3291 409 3345; x_wconf 84' lang='lat'>12</span> <span class='ocrx_word' id='word_1_213' title='bbox 427 3290 472 3344; x_wconf 87' lang='lat' dir='ltr'>Es.</span> <span class='ocrx_word' id='word_1_214' title='bbox 492 3292 516 3355; x_wconf 86' lang='grc'>7,</span> <span class='ocrx_word' id='word_1_215' title='bbox 536 3292 553 3345; x_wconf 91' lang='grc'>9</span> <span class='ocrx_word' id='word_1_216' title='bbox 607 3292 641 3346; x_wconf 86' lang='grc'>20</span> <span class='ocrx_word' id='word_1_217' title='bbox 661 3290 694 3346; x_wconf 84' lang='lat' dir='ltr'>cf.</span> <span class='ocrx_word' id='word_1_218' title='bbox 712 3293 790 3347; x_wconf 89' lang='lat' dir='ltr'>Rom.</span> <span class='ocrx_word' id='word_1_219' title='bbox 812 3294 854 3357; x_wconf 92' lang='lat'>11,</span> <span class='ocrx_word' id='word_1_220' title='bbox 874 3292 908 3347; x_wconf 89' lang='grc'>36</span> 
     </span>
    </p>
   </div>
   <div class='ocr_carea' id='block_1_4' title="bbox 283 3431 1546 4397">
    <p class='ocr_par' dir='ltr' id='par_1_6' title="bbox 283 3431 1546 4397">
     <span class='ocr_line' id='line_1_27' title="bbox 321 3431 1439 3503; baseline 0.004 -19"><span class='ocrx_word' id='word_1_221' title='bbox 321 3432 333 3484; x_wconf 95' lang='lat' dir='ltr'>l</span> <span class='ocrx_word' id='word_1_222' title='bbox 356 3434 427 3487; x_wconf 88' lang='lat' dir='ltr'>actio</span> <span class='ocrx_word' id='word_1_223' title='bbox 447 3432 519 3487; x_wconf 85' lang='lat' dir='ltr'>dona</span> <span class='ocrx_word' id='word_1_224' title='bbox 537 3435 593 3487; x_wconf 88' lang='lat' dir='ltr'>sint</span> <span class='ocrx_word' id='word_1_225' title='bbox 612 3433 656 3488; x_wconf 91' lang='lat' dir='ltr'>dei</span> <span class='ocrx_word' id='word_1_226' title='bbox 676 3438 704 3487; x_wconf 85' lang='lat' dir='ltr'>et</span> <span class='ocrx_word' id='word_1_227' title='bbox 721 3433 833 3487; x_wconf 87' lang='lat' dir='ltr'>beatum</span> <span class='ocrx_word' id='word_1_228' title='bbox 856 3433 896 3487; x_wconf 88' lang='lat' dir='ltr'><em>W</em></span> <span class='ocrx_word' id='word_1_229' title='bbox 964 3434 1127 3503; x_wconf 86' lang='lat' dir='ltr'>cognatione</span> <span class='ocrx_word' id='word_1_230' title='bbox 1149 3431 1186 3487; x_wconf 75' lang='lat'>6¹</span> <span class='ocrx_word' id='word_1_231' title='bbox 1205 3434 1389 3503; x_wconf 86' lang='lat' dir='ltr'>cognitionem</span> <span class='ocrx_word' id='word_1_232' title='bbox 1409 3434 1439 3489; x_wconf 84' lang='lat' dir='ltr'><em>R</em></span> 
     </span>
     <span class='ocr_line' id='line_1_28' title="bbox 284 3522 1438 3593; baseline 0.001 -17"><span class='ocrx_word' id='word_1_233' title='bbox 284 3522 440 3593; x_wconf 65' lang='lat' dir='ltr'>20errorp</span> <span class='ocrx_word' id='word_1_234' title='bbox 503 3524 568 3577; x_wconf 84' lang='lat' dir='ltr'>3se</span> <span class='ocrx_word' id='word_1_235' title='bbox 587 3540 638 3577; x_wconf 88' lang='lat' dir='ltr'>om.</span> <span class='ocrx_word' id='word_1_236' title='bbox 656 3523 683 3576; x_wconf 84' lang='lat' dir='ltr'><em>L</em></span> <span class='ocrx_word' id='word_1_237' title='bbox 756 3538 839 3592; x_wconf 88' lang='lat' dir='ltr'>quum</span> <span class='ocrx_word' id='word_1_238' title='bbox 861 3522 908 3588; x_wconf 78' lang='lat' dir='ltr'>[sic</span> <span class='ocrx_word' id='word_1_239' title='bbox 925 3524 1037 3591; x_wconf 81' lang='lat' dir='ltr'>semper)</span> <span class='ocrx_word' id='word_1_240' title='bbox 1059 3522 1083 3576; x_wconf 78' lang='lat'><em>0</em></span> <span class='ocrx_word' id='word_1_241' title='bbox 1144 3524 1212 3577; x_wconf 80' lang='lat' dir='ltr'>dea</span> <span class='ocrx_word' id='word_1_242' title='bbox 1230 3540 1316 3593; x_wconf 42' lang='lat' dir='ltr'>ama</span> <span class='ocrx_word' id='word_1_243' title='bbox 1388 3523 1438 3577; x_wconf 89' lang='lat' dir='ltr'>ad-</span> 
     </span>
     <span class='ocr_line' id='line_1_29' title="bbox 285 3596 1546 3680; baseline 0.002 -17"><span class='ocrx_word' id='word_1_244' title='bbox 285 3612 408 3680; x_wconf 85' lang='lat' dir='ltr'>quiratur</span> <span class='ocrx_word' id='word_1_245' title='bbox 425 3612 459 3665; x_wconf 89' lang='lat' dir='ltr'><strong><em>N</em></strong></span> <span class='ocrx_word' id='word_1_246' title='bbox 545 3610 683 3666; x_wconf 82' lang='lat' dir='ltr'>llaetare</span> <span class='ocrx_word' id='word_1_247' title='bbox 701 3611 729 3666; x_wconf 84' lang='lat' dir='ltr'><em>R</em></span> <span class='ocrx_word' id='word_1_248' title='bbox 746 3610 885 3665; x_wconf 72' lang='lat' dir='ltr'>lactaris</span> <span class='ocrx_word' id='word_1_249' title='bbox 960 3610 1180 3666; x_wconf 85' lang='lat' dir='ltr'>habundauerint</span> <span class='ocrx_word' id='word_1_250' title='bbox 1203 3610 1296 3666; x_wconf 82' lang='lat' dir='ltr'>WNG</span> <span class='ocrx_word' id='word_1_251' title='bbox 1315 3611 1438 3665; x_wconf 85' lang='lat' dir='ltr'>abunda·</span> <span class='ocrx_word' id='word_1_252' title='bbox 1545 3596 1546 3655; x_wconf 68' lang='grc'>1</span> 
     </span>
     <span class='ocr_line' id='line_1_30' title="bbox 283 3698 1437 3772; baseline 0.002 -19"><span class='ocrx_word' id='word_1_253' title='bbox 283 3700 374 3753; x_wconf 76' lang='lat' dir='ltr'>uenat</span> <span class='ocrx_word' id='word_1_254' title='bbox 394 3698 734 3770; x_wconf 69' lang='lat' dir='ltr'>0²Prca¹sVLFrwNuu</span> <span class='ocrx_word' id='word_1_255' title='bbox 805 3703 931 3771; x_wconf 69' lang='lat' dir='ltr'>pensant</span> <span class='ocrx_word' id='word_1_256' title='bbox 948 3700 1004 3770; x_wconf 84' lang='lat' dir='ltr'>(pr.</span> <span class='ocrx_word' id='word_1_257' title='bbox 1025 3718 1039 3755; x_wconf 89' lang='lat' dir='ltr'>c</span> <span class='ocrx_word' id='word_1_258' title='bbox 1058 3717 1079 3755; x_wconf 83' lang='lat' dir='ltr'>a.</span> <span class='ocrx_word' id='word_1_259' title='bbox 1099 3700 1175 3771; x_wconf 83' lang='lat' dir='ltr'>l.)0</span> <span class='ocrx_word' id='word_1_260' title='bbox 1235 3700 1365 3772; x_wconf 85' lang='lat' dir='ltr'>8purarn</span> <span class='ocrx_word' id='word_1_261' title='bbox 1384 3716 1437 3755; x_wconf 76' lang='lat' dir='ltr'>om.</span> 
     </span>
     <span class='ocr_line' id='line_1_31' title="bbox 284 3786 1438 3859; baseline 0.002 -18"><span class='ocrx_word' id='word_1_262' title='bbox 284 3786 432 3859; x_wconf 61' lang='lat' dir='ltr'><strong><em>PSTVUL</em></strong></span> <span class='ocrx_word' id='word_1_263' title='bbox 516 3793 544 3841; x_wconf 91' lang='lat' dir='ltr'>et</span> <span class='ocrx_word' id='word_1_264' title='bbox 563 3805 613 3841; x_wconf 89' lang='lat' dir='ltr'>om.</span> <span class='ocrx_word' id='word_1_265' title='bbox 633 3787 781 3858; x_wconf 65' lang='lat' dir='ltr'>PupVUL</span> <span class='ocrx_word' id='word_1_266' title='bbox 873 3788 906 3843; x_wconf 86' lang='lat'>10</span> <span class='ocrx_word' id='word_1_267' title='bbox 924 3790 978 3843; x_wconf 85' lang='lat' dir='ltr'>iam</span> <span class='ocrx_word' id='word_1_268' title='bbox 998 3804 1048 3845; x_wconf 83' lang='lat' dir='ltr'>om.</span> <span class='ocrx_word' id='word_1_269' title='bbox 1071 3789 1125 3843; x_wconf 81' lang='lat' dir='ltr'>GR</span> <span class='ocrx_word' id='word_1_270' title='bbox 1231 3789 1348 3858; x_wconf 84' lang='lat' dir='ltr'>moueri]</span> <span class='ocrx_word' id='word_1_271' title='bbox 1368 3792 1438 3843; x_wconf 87' lang='lat' dir='ltr'>mori</span> 
     </span>
     <span class='ocr_line' id='line_1_32' title="bbox 283 3864 1545 3949; baseline 0.002 -18"><span class='ocrx_word' id='word_1_272' title='bbox 283 3877 431 3947; x_wconf 60' lang='lat' dir='ltr'>PspVon</span> <span class='ocrx_word' id='word_1_273' title='bbox 482 3879 513 3932; x_wconf 93' lang='lat'>11</span> <span class='ocrx_word' id='word_1_274' title='bbox 533 3876 664 3947; x_wconf 86' lang='lat' dir='ltr'>nondum]</span> <span class='ocrx_word' id='word_1_275' title='bbox 683 3894 737 3931; x_wconf 90' lang='lat' dir='ltr'>non</span> <span class='ocrx_word' id='word_1_276' title='bbox 754 3878 796 3948; x_wconf 62' lang='lat' dir='ltr'>GT</span> <span class='ocrx_word' id='word_1_277' title='bbox 848 3879 881 3934; x_wconf 87' lang='lat'>13</span> <span class='ocrx_word' id='word_1_278' title='bbox 894 3884 961 3947; x_wconf 81' lang='lat' dir='ltr'>post</span> <span class='ocrx_word' id='word_1_279' title='bbox 978 3878 1146 3949; x_wconf 85' lang='lat' dir='ltr'>intellegetis</span> <span class='ocrx_word' id='word_1_280' title='bbox 1159 3884 1323 3947; x_wconf 76' lang='lat' dir='ltr'>sequamur:</span> <span class='ocrx_word' id='word_1_281' title='bbox 1343 3880 1437 3933; x_wconf 85' lang='lat' dir='ltr'>scietis</span> <span class='ocrx_word' id='word_1_282' title='bbox 1544 3864 1545 3869; x_wconf 10' lang='grc' dir='ltr'><strong>Ἰ</strong></span> 
     </span>
     <span class='ocr_line' id='line_1_33' title="bbox 283 3967 1439 4038; baseline 0.002 -18"><span class='ocrx_word' id='word_1_283' title='bbox 283 3984 333 4020; x_wconf 85' lang='lat' dir='ltr'>uos</span> <span class='ocrx_word' id='word_1_284' title='bbox 358 3967 487 4036; x_wconf 88' lang='lat' dir='ltr'>proficere</span> <span class='ocrx_word' id='word_1_285' title='bbox 512 3968 541 4019; x_wconf 90' lang='lat' dir='ltr'>in</span> <span class='ocrx_word' id='word_1_286' title='bbox 565 3967 714 4021; x_wconf 85' lang='lat' dir='ltr'>uirtutibus</span> <span class='ocrx_word' id='word_1_287' title='bbox 738 3968 761 4020; x_wconf 89' lang='lat' dir='ltr'>si</span> <span class='ocrx_word' id='word_1_288' title='bbox 785 3968 861 4021; x_wconf 86' lang='lat' dir='ltr'>nulla</span> <span class='ocrx_word' id='word_1_289' title='bbox 884 3967 962 4021; x_wconf 90' lang='lat' dir='ltr'>uobis</span> <span class='ocrx_word' id='word_1_290' title='bbox 985 3969 1076 4038; x_wconf 88' lang='lat' dir='ltr'>passio</span> <span class='ocrx_word' id='word_1_291' title='bbox 1102 3968 1184 4022; x_wconf 82' lang='lat' dir='ltr'>fuerit</span> <span class='ocrx_word' id='word_1_292' title='bbox 1210 3985 1275 4038; x_wconf 86' lang='lat' dir='ltr'>erga</span> <span class='ocrx_word' id='word_1_293' title='bbox 1299 3968 1439 4023; x_wconf 85' lang='lat' dir='ltr'>mundana</span> 
     </span>
     <span class='ocr_line' id='line_1_34' title="bbox 285 4054 1443 4126; baseline 0.001 -17"><span class='ocrx_word' id='word_1_294' title='bbox 285 4055 421 4110; x_wconf 82' lang='lat' dir='ltr'>desideria</span> <span class='ocrx_word' id='word_1_295' title='bbox 438 4055 490 4110; x_wconf 87' lang='lat' dir='ltr'>hoc</span> <span class='ocrx_word' id='word_1_296' title='bbox 509 4056 581 4109; x_wconf 87' lang='lat' dir='ltr'>enim</span> <span class='ocrx_word' id='word_1_297' title='bbox 600 4058 643 4109; x_wconf 85' lang='lat' dir='ltr'>est</span> <span class='ocrx_word' id='word_1_298' title='bbox 661 4056 769 4109; x_wconf 87' lang='lat' dir='ltr'>initium</span> <span class='ocrx_word' id='word_1_299' title='bbox 789 4056 920 4110; x_wconf 87' lang='lat' dir='ltr'>donorum</span> <span class='ocrx_word' id='word_1_300' title='bbox 940 4056 983 4109; x_wconf 87' lang='lat' dir='ltr'>dei</span> <span class='ocrx_word' id='word_1_301' title='bbox 1001 4057 1034 4110; x_wconf 84' lang='lat' dir='ltr'>ia</span> <span class='ocrx_word' id='word_1_302' title='bbox 1052 4056 1129 4111; x_wconf 84' lang='lat' dir='ltr'>codd.</span> <span class='ocrx_word' id='word_1_303' title='bbox 1149 4054 1210 4111; x_wconf 88' lang='lat' dir='ltr'>RN</span> <span class='ocrx_word' id='word_1_304' title='bbox 1258 4058 1292 4111; x_wconf 78' lang='lat'>14</span> <span class='ocrx_word' id='word_1_305' title='bbox 1311 4073 1364 4126; x_wconf 88' lang='lat' dir='ltr'>quo</span> <span class='ocrx_word' id='word_1_306' title='bbox 1378 4056 1443 4112; x_wconf 84' lang='lat' dir='ltr'>RN</span> 
     </span>
     <span class='ocr_line' id='line_1_35' title="bbox 285 4144 1443 4216; baseline 0 -17"><span class='ocrx_word' id='word_1_307' title='bbox 285 4144 487 4199; x_wconf 86' lang='lat' dir='ltr'>cornmcndatur</span> <span class='ocrx_word' id='word_1_308' title='bbox 508 4144 560 4213; x_wconf 64' lang='lat' dir='ltr'>WT</span> <span class='ocrx_word' id='word_1_309' title='bbox 610 4145 645 4198; x_wconf 85' lang='grc'>20</span> <span class='ocrx_word' id='word_1_310' title='bbox 664 4159 811 4215; x_wconf 87' lang='lat' dir='ltr'>perquem</span> <span class='ocrx_word' id='word_1_311' title='bbox 830 4146 929 4209; x_wconf 86' lang='lat' dir='ltr'>omnia,</span> <span class='ocrx_word' id='word_1_312' title='bbox 943 4146 971 4198; x_wconf 91' lang='lat' dir='ltr'>in</span> <span class='ocrx_word' id='word_1_313' title='bbox 992 4162 1044 4214; x_wconf 89' lang='lat' dir='ltr'>quo</span> <span class='ocrx_word' id='word_1_314' title='bbox 1065 4148 1155 4200; x_wconf 87' lang='lat' dir='ltr'>omnia</span> <span class='ocrx_word' id='word_1_315' title='bbox 1172 4147 1204 4200; x_wconf 81' lang='lat' dir='ltr'>a&#39;n</span> <span class='ocrx_word' id='word_1_316' title='bbox 1217 4162 1268 4216; x_wconf 77' lang='lat' dir='ltr'>my.</span> <span class='ocrx_word' id='word_1_317' title='bbox 1286 4146 1315 4209; x_wconf 73' lang='lat' dir='ltr'>(J,</span> <span class='ocrx_word' id='word_1_318' title='bbox 1330 4162 1382 4202; x_wconf 85' lang='lat' dir='ltr'>om.</span> <span class='ocrx_word' id='word_1_319' title='bbox 1402 4146 1443 4199; x_wconf 80' lang='lat' dir='ltr'><strong><em>W</em></strong></span> 
     </span>
     <span class='ocr_line' id='line_1_36' title="bbox 284 4232 1438 4303; baseline 0.003 -15"><span class='ocrx_word' id='word_1_320' title='bbox 284 4236 318 4288; x_wconf 92' lang='grc'>22</span> <span class='ocrx_word' id='word_1_321' title='bbox 338 4234 433 4288; x_wconf 90' lang='lat' dir='ltr'>dicunt</span> <span class='ocrx_word' id='word_1_322' title='bbox 451 4250 503 4290; x_wconf 87' lang='lat' dir='ltr'>om.</span> <span class='ocrx_word' id='word_1_323' title='bbox 525 4232 566 4289; x_wconf 90' lang='lat' dir='ltr'><em>W</em></span> <span class='ocrx_word' id='word_1_324' title='bbox 615 4236 650 4289; x_wconf 86' lang='grc'>23</span> <span class='ocrx_word' id='word_1_325' title='bbox 663 4252 709 4303; x_wconf 87' lang='lat' dir='ltr'>pr.</span> <span class='ocrx_word' id='word_1_326' title='bbox 730 4251 789 4288; x_wconf 85' lang='lat' dir='ltr'>esse</span> <span class='ocrx_word' id='word_1_327' title='bbox 809 4250 859 4289; x_wconf 80' lang='lat' dir='ltr'>ona.</span> <span class='ocrx_word' id='word_1_328' title='bbox 879 4235 906 4288; x_wconf 88' lang='lat' dir='ltr'><em>L</em></span> <span class='ocrx_word' id='word_1_329' title='bbox 960 4252 1018 4289; x_wconf 85' lang='lat' dir='ltr'>esse</span> <span class='ocrx_word' id='word_1_330' title='bbox 1038 4236 1134 4291; x_wconf 86' lang='lat' dir='ltr'>om.L</span> <span class='ocrx_word' id='word_1_331' title='bbox 1189 4242 1312 4291; x_wconf 89' lang='lat' dir='ltr'>sanctum</span> <span class='ocrx_word' id='word_1_332' title='bbox 1332 4252 1391 4290; x_wconf 84' lang='lat' dir='ltr'>esse</span> <span class='ocrx_word' id='word_1_333' title='bbox 1410 4237 1438 4291; x_wconf 90' lang='lat' dir='ltr'><em>L</em></span> 
     </span>
     <span class='ocr_line' id='line_1_37' title="bbox 284 4322 1439 4397; baseline 0.003 -21"><span class='ocrx_word' id='word_1_334' title='bbox 284 4323 319 4377; x_wconf 83' lang='lat'>24</span> <span class='ocrx_word' id='word_1_335' title='bbox 338 4323 508 4378; x_wconf 88' lang='lat' dir='ltr'>sed-filium</span> <span class='ocrx_word' id='word_1_336' title='bbox 526 4338 579 4379; x_wconf 76' lang='lat' dir='ltr'>ocu.</span> <span class='ocrx_word' id='word_1_337' title='bbox 598 4323 622 4378; x_wconf 88' lang='lat' dir='ltr'><em>S</em></span> <span class='ocrx_word' id='word_1_338' title='bbox 692 4322 838 4394; x_wconf 85' lang='lat' dir='ltr'>aliquando</span> <span class='ocrx_word' id='word_1_339' title='bbox 859 4340 909 4377; x_wconf 91' lang='lat' dir='ltr'>om.</span> <span class='ocrx_word' id='word_1_340' title='bbox 929 4324 986 4380; x_wconf 86' lang='lat' dir='ltr'>NR</span> <span class='ocrx_word' id='word_1_341' title='bbox 1064 4325 1195 4396; x_wconf 85' lang='lat' dir='ltr'>appellari</span> <span class='ocrx_word' id='word_1_342' title='bbox 1214 4324 1361 4397; x_wconf 86' lang='lat' dir='ltr'>aliquando</span> <span class='ocrx_word' id='word_1_343' title='bbox 1386 4326 1439 4379; x_wconf 83' lang='lat' dir='ltr'>VL</span> 
     </span>
    </p>
   </div>
   <div class='ocr_carea' id='block_1_5' title="bbox 0 0 1560 4959">
    <p class='ocr_par' dir='ltr' id='par_1_7' title="bbox 0 0 1560 4959">
     <span class='ocr_line' id='line_1_38' title="bbox 0 0 1560 4959; baseline 0 0"><span class='ocrx_word' id='word_1_344' title='bbox 0 0 1560 4959; x_wconf 95' lang='lat' dir='ltr'> </span> 
     </span>
    </p>
   </div>
  </div>
 </body>
</html>
