3109 4959
574 495 616 549 de
644 496 844 552 mendacio
1216 500 1280 564 437

128 687 186 751 uel
213 688 365 753 narratori
393 692 449 753 aut
474 692 705 774 pronuntiatori
732 712 835 757 rerum
864 692 1085 777 temporalium
1113 693 1153 757 ad
1176 691 1281 759 aedili·

129 794 263 858 cendam
294 794 480 881 religionem
508 800 603 879 atque
629 798 781 882 pietatem
808 799 1034 883 pertinentium
1062 799 1221 865 occultare
1248 800 1280 863 in

128 905 274 985 tempore
303 901 458 985 quidquid
487 904 710 969 occultandum
739 905 876 985 uidetur,
905 906 1032 971 mentiri
1060 908 1167 970 autem
1190 924 1279 971 num-

128 1026 226 1090 quam
249 1008 336 1087 licet,
359 1027 434 1094 ergo
458 1029 516 1075 neo
539 1012 700 1076 occultare
723 1012 913 1077 mentiendo.

93 1139 109 1177 a
175 1112 232 1179 XI.
262 1116 313 1179 18.
341 1116 412 1181 Hoc
442 1116 590 1200 primitus
625 1119 657 1182 et
688 1118 870 1184 firmissime
898 1118 1071 1185 constituto
1101 1118 1139 1183 de
1166 1120 1279 1183 ceteris

127 1220 304 1287 mendaciis
323 1224 464 1288 securius
485 1224 656 1307 quaeritur.
676 1226 733 1289 esd
751 1230 981 1309 consequenter
998 1226 1094 1292 etiam
1107 1224 1279 1291 uidendum

128 1330 181 1391 est
216 1329 409 1393 remouenda
444 1349 516 1395 esse
554 1331 649 1396 etiam
682 1331 788 1397 omnia
819 1332 993 1413 mendacia,
1027 1352 1107 1415 quae
1140 1330 1277 1414 aliquem

125 1433 260 1498 laedunt
290 1434 420 1514 iniuste,
453 1434 528 1518 quia
558 1438 640 1502 nulli
672 1442 722 1502 est
753 1438 869 1503 iniuria
900 1441 953 1505 uel
979 1438 1081 1505 lenior
1107 1437 1277 1515 inserenda,

125 1544 167 1604 nt
194 1541 233 1605 ab
261 1540 324 1607 alio
351 1543 479 1626 grauior
501 1544 680 1626 repellatur.
718 1563 775 1609 nco
799 1545 854 1609 illa
878 1550 953 1610 eunt
976 1544 1171 1611 admittenda
1192 1563 1279 1609 men·

77 1668 106 1708 ro
127 1646 230 1726 dacia,
263 1667 343 1730 quae
375 1649 522 1732 quamuis
550 1670 611 1715 non
640 1636 747 1716 obsint
773 1652 875 1729 alteri,
904 1652 984 1717 nulli
1011 1656 1115 1717 tamen
1144 1654 1279 1735 prosunt

126 1753 304 1819 et‘obsuut
326 1756 373 1819 eis
395 1754 486 1838 ipsis,
510 1756 565 1838 qui
588 1756 687 1840 gratis
710 1758 917 1823 mentiuntur.
955 1757 1018 1841 ipsi
1046 1756 1128 1822 enim
1151 1757 1277 1839 proprie

125 1860 296 1925 mendaces
320 1860 444 1927 dicendi
468 1865 552 1929 sunt.
585 1862 720 1927 interest
742 1863 825 1928 enim
849 1864 931 1928 inter
952 1864 1158 1929 mentientem
1183 1858 1277 1945 atque

126 1968 323 2035 mandacem.
366 1988 437 2033 nam
469 1969 625 2033 mentiens
658 1974 709 2033 est
741 1970 838 2035 etiam
870 1969 924 2051 qui
956 1969 1109 2035 mentitur
1139 1968 1276 2042 inuitum

124 2073 261 2139 mendax
282 2094 359 2139 uero
383 2078 469 2139 amat
490 2076 617 2141 mentiri
641 2078 736 2158 atque
756 2076 878 2141 habitat
897 2076 1000 2141 animo
1020 2076 1051 2139 in
1070 2075 1277 2140 delectatione

76 2202 105 2240 ιι
125 2180 311 2245 mentiendi.
353 2182 439 2245 iuxta
470 2183 608 2263 ponendi
641 2186 718 2248 sunt
749 2188 782 2248 et
814 2168 869 2267 qni
901 2184 939 2248 de
970 2180 1134 2248 mendacio
1163 2183 1278 2248 uolunt

123 2288 252 2369 placere
274 2288 468 2368 hominibus,
492 2308 553 2354 nou
577 2293 615 2354 ut
637 2290 733 2356 alicui
756 2292 874 2357 iaciant
895 2290 1043 2356 iniuriam
1066 2278 1120 2356 uel
1141 2290 1278 2355 inferant

125 2395 354 2459 contumeliam
381 2396 516 2460 —iam
549 2397 632 2461 enim
665 2380 760 2481 supra
793 2399 852 2463 hoc
881 2416 981 2481 genus
1008 2397 1203 2463 remouimus
1232 2434 1274 2443 -
1325 2472 1327 2477 ¹

124 2499 183 2564 sed
206 2503 245 2563 ut
267 2520 383 2566 suaues
407 2502 525 2567 sintin
549 2504 747 2568 sermonibus
772 2504 851 2570 ouis.
875 2504 931 2569 isti
955 2504 992 2569 ab
1016 2504 1073 2569 illo
1096 2522 1219 2589 genere,
1243 2504 1274 2567 in

124 2625 189 2688 quo
225 2605 392 2673 mendaces
429 2608 608 2692 posuimus,
640 2610 700 2675 hoc
732 2609 892 2687 diffemnt,
926 2611 1010 2694 quod
1041 2610 1115 2676 illos
1148 2609 1275 2674 mentiri

73 2738 104 2779 ao
125 2712 266 2777 delectat
289 2714 463 2797 gaudentes
491 2715 529 2779 de
556 2714 627 2797 ipsa
653 2716 789 2792 fallacia,
822 2717 895 2781 istie
920 2720 1025 2781 autem
1049 2717 1173 2800 placere
1196 2716 1277 2781 libet

124 2820 164 2884 de
193 2820 407 2903 suauiloquio‚
435 2821 490 2903 qui
518 2824 623 2885 tamen
645 2821 731 2886 neris
755 2822 887 2887 mallent
910 2822 1044 2905 plaeere,
1069 2822 1125 2888 sed
1149 2822 1273 2905 quando

122 2944 186 2989 non
209 2925 302 2990 facile
325 2925 493 2990 inueniunt
515 2944 602 3006 uem,
626 2945 707 3009 quae
726 2930 816 3011 grata
835 2929 900 2991 sint
918 2928 1129 3007 audientibus,
1149 2927 1275 2993 mentiri

121 3032 248 3116 eligunt
268 3033 378 3114 potius
402 3016 496 3115 quam
518 3037 634 3099 tacere.
668 3032 798 3098 difficile
822 3038 872 3099 est
893 3037 1072 3115 tamem-ut
1094 3036 1149 3101 isti
1171 3038 1272 3101 totam

121 3139 334 3204 narrationem
357 3138 469 3205 falsam
493 3140 663 3223 aliquando
686 3128 879 3224 suscipiant3
905 3141 960 3206 sed
983 3142 1170 3225 plerumque
1188 3142 1274 3207 ueris

71 3268 103 3310 aa
120 3245 205 3310 falna
236 3249 415 3326 contexunt,
448 3247 505 3312 ubi
537 3247 680 3313 suauitas
712 3264 767 3313 eos
796 3248 923 3313 deserit.
964 3248 1042 3313 haec
1072 3250 1179 3314 eutem
1208 3249 1270 3314 duo

121 3369 239 3436 genera
270 3352 506 3419 mendaciorum
538 3372 600 3420 non
633 3354 752 3419 obsunt
785 3355 997 3431 credentibus,
1027 3354 1101 3437 quia
1128 3355 1207 3419 nihil
1236 3356 1273 3421 de

121 3459 268 3523 doctrina
288 3458 453 3544 roligionis
477 3460 686 3543 ueritatisque
708 3461 866 3526 falluntur
888 3464 944 3527 aut
963 3461 1002 3527 de
1021 3462 1088 3527 ullo
1108 3462 1274 3527 commodo

119 3566 175 3631 uel
202 3566 343 3630 utilitate
372 3586 439 3634 sua.
477 3566 598 3631 sufficit
625 3568 708 3632 enim
732 3567 790 3645 eis,
814 3572 851 3633 ut
873 3569 1016 3634 iudicent
1037 3568 1105 3633 fieri
1129 3568 1272 3651 potuisse

157 3773 170 3823 1
192 3770 251 3841 aut]
270 3771 315 3824 uel
333 3770 371 3825 bd
425 3772 623 3841 pronuntiatori
641 3771 704 3827 MR
722 3774 921 3841 pronontiatori
941 3780 953 3842 β
1007 3775 1023 3828 3
1044 3775 1173 3845 quicquid
1191 3774 1274 3831 RSF

116 3860 355 3929 deonaequenter
373 3864 400 3925 (e
417 3861 466 3927 fin.
486 3876 520 3914 aa·
538 3865 567 3927 u)
585 3860 623 3915 M
692 3863 775 3916 etiam
795 3878 847 3915 om.
867 3860 897 3916 F
947 3862 1080 3917 Sleduut
1098 3862 1156 3919 MS
1227 3864 1268 3919 in·

115 3949 192 4019 iuste
217 3948 254 4001 M
359 3948 459 4003 leniter
481 3946 533 4002 SF
619 3948 942 4005 9ammittendad1¹S¹
1034 3952 1067 4006 10
1092 3952 1220 4022 proaeunt
1242 3952 1270 4008 R

118 4038 151 4091 ll
173 4036 301 4106 propriae
317 4036 398 4107 MRq
491 4040 524 4093 14
542 4038 720 4093 mentientem
739 4042 838 4109 atquae
858 4058 874 4111 φ
952 4034 1085 4109 'habitat]
1106 4038 1220 4097 adiuuat
1239 4042 1268 4107 (d

115 4142 138 4180 a.
160 4127 191 4193 l.)
211 4124 235 4181 S
252 4142 317 4189 uera
333 4128 407 4181 uitat
423 4128 467 4197 (ιίι
483 4144 534 4198 my.
555 4128 585 4181 al
601 4128 704 4182 inuitat
722 4128 836 4196 animoa)
857 4128 887 4183 F
938 4128 1133 4199 dilectioneSss
1170 4132 1204 4185 20
1220 4130 1268 4185 illa

117 4220 151 4281 (a.
173 4216 191 4269 l.
210 4216 282 4285 ipsa)
300 4214 332 4269 F
399 4215 508 4270 fallatia
525 4215 554 4271 R
625 4217 694 4271 lotoe
713 4216 794 4287 mae
867 4216 946 4287 libet]
964 4217 1072 4285 iubetp
1136 4219 1168 4273 21
1191 4220 1270 4275 ιιιιιιιί

117 4304 265 4373 conloquio
282 4302 312 4358 R
374 4304 410 4359 24
427 4304 567 4359 ialaamS
636 4307 847 4376 plemmquaep
912 4307 947 4361 26
967 4304 1000 4360 de
1020 4322 1070 4359 om.
1091 4307 1127 4361 Μ
1184 4308 1218 4363 27
1239 4307 1272 4361 de

116 4392 215 4448 ema
267 4392 303 4447 28
321 4410 402 4463 poaee
420 4392 451 4447 F
747 4412 751 4422 ·
