3109 4959
283 409 348 473 430
641 407 668 460 S.
697 404 834 457 Aureli
861 403 1078 473 Augustini

283 602 358 666 fidei
376 601 544 686 disciplina
563 603 775 669 subnectitur:
793 620 855 683 qua
874 600 1028 665 subuersa
1047 618 1105 664 uec
1124 599 1164 663 ad
1181 600 1430 683 intellegentiam

283 710 477 791 peruenitur,
515 709 568 773 cui
605 708 774 793 capiendae
811 708 875 773 ista
915 707 1068 788 paruulos
1105 708 1214 772 nutrit.
1259 712 1352 789 atque
1387 707 1431 769 ita
1539 694 1540 759 i

285 815 386 880 omnis
429 814 571 881 doctrina
612 817 759 881 ueritatis
802 814 957 890 aufertur,
1000 812 1114 877 cedens
1156 813 1431 879 licentiosissimae

283 922 427 1002 falsitati,
452 923 479 987 si
503 922 668 988 mendacio
693 922 785 987 uelut
808 918 951 986 officioso
980 918 1124 984 alicunde
1152 919 1337 1002 penetrandi
1363 939 1432 1002 ape-

283 1030 364 1093 ritur
390 1032 491 1095 locus.
521 1033 577 1095 aut
605 1030 689 1095 euim
718 1027 907 1112 temporalia
934 1026 1111 1103 commoda,
1139 1028 1191 1091 uel
1224 1028 1350 1110 propria
1381 1028 1432 1091 uel
1459 1046 1468 1084 s

285 1136 396 1213 aliena,
429 1137 558 1201 ueritati
589 1136 764 1219 praeponit,
793 1134 985 1216 quicumque
1012 1134 1165 1198 mentitur
1192 1170 1235 1181 -
1264 1152 1325 1215 quo
1360 1134 1432 1217 quid

283 1242 352 1307 fieri
384 1244 492 1325 potest
523 1242 728 1323 peruersius?
765 1278 809 1286 -
847 1242 903 1304 aut
940 1258 1013 1303 cum
1050 1239 1178 1303 ueritati
1215 1238 1432 1321 adipiscendae

285 1349 461 1430 opitulante
493 1348 658 1413 mendacio
686 1348 759 1412 uult
787 1347 889 1411 facere
917 1345 1077 1422 idoneum,
1104 1345 1291 1410 intercludit
1312 1345 1430 1411 aditum

283 1455 426 1532 ueritati3
460 1456 573 1519 uolens
607 1455 702 1530 enim,
735 1472 808 1518 cum
840 1452 1001 1526 mentitur,
1040 1470 1110 1516 esse
1148 1454 1243 1535 aptus
1284 1451 1330 1529 lit,
1363 1473 1429 1518 cum

285 1579 396 1625 uerum
433 1560 521 1636 dicit,
553 1561 702 1625 incertus.
742 1559 946 1641 quamobrem
980 1560 1034 1622 aut
1068 1576 1129 1623 non
1162 1563 1213 1623 est
1246 1559 1429 1626 credendum
1446 1581 1464 1617 u

284 1666 375 1731 bonis
399 1665 668 1731 antecedendum
692 1668 742 1729 est
765 1664 822 1741 eis,
847 1684 927 1745 quos
952 1662 1110 1729 credimus
1135 1664 1248 1729 debere
1267 1666 1429 1748 aliquando

285 1772 422 1850 mentiri,
460 1775 517 1836 aut
554 1790 615 1835 uon
653 1773 702 1836 est
735 1769 926 1836 credendum
959 1770 1058 1835 bonos
1092 1770 1262 1853 aliquando
1296 1772 1429 1837 mentiri:

286 1880 399 1943 horum
437 1880 534 1943 trium
567 1878 705 1961 primum
736 1876 950 1959 pomiciosum
984 1880 1042 1951 ost,
1076 1876 1252 1942 secundum
1285 1879 1428 1951 stultum

285 1990 385 2051 restat
408 2005 494 2070 ergo,
518 1989 556 2049 ut
579 2004 752 2067 numquam
776 1984 971 2049 mentiantur
993 1984 1077 2049 boni.

331 2092 432 2157 VIIII.
459 2094 510 2157 12.
535 2090 588 2157 Sic
615 2092 680 2156 ista
702 2090 888 2173 quaestione
913 2110 948 2153 es
972 2093 1104 2172 utraque
1127 2094 1215 2171 parte
1240 2090 1431 2156 considerata
1446 2110 1464 2147 e

285 2202 381 2282 atque
414 2201 550 2263 tractata
581 2218 643 2263 non
675 2200 782 2262 tamen
815 2196 908 2261 facile
940 2196 1067 2261 ferenda
1100 2196 1257 2262 sententia
1285 2202 1347 2272 est;
1381 2197 1429 2260 sed

286 2304 390 2369 adhuc
413 2304 583 2388 diligenter
605 2303 764 2381 audiendi,
785 2303 841 2385 qui
864 2302 975 2367 dicunt
997 2304 1122 2367 nullum
1141 2322 1212 2368 esse
1230 2305 1298 2367 tam
1317 2304 1428 2367 malum

285 2412 417 2490 factum,
446 2410 530 2493 quod
553 2430 614 2475 nou
637 2410 671 2473 in
694 2410 810 2493 peioris
835 2409 1031 2475 deuitatione
1054 2410 1233 2475 faciendum
1258 2411 1315 2485 sit;
1344 2410 1428 2491 perti-

285 2536 359 2583 nere
392 2519 499 2582 autem
529 2517 568 2589 ad
595 2516 681 2581 facta
707 2515 872 2581 homiuum
901 2536 962 2580 uon
991 2517 1097 2580 solum
1125 2516 1278 2599 quidquid
1307 2517 1426 2590 faciunt,

286 2623 343 2688 sed
368 2622 523 2705 quidquid
542 2623 637 2687 etiam
657 2640 729 2686 cum
749 2622 954 2687 consensione
974 2621 1148 2705 patiuntur.
1172 2621 1267 2699 unde,
1287 2622 1314 2687 si
1334 2620 1427 2686 extitit
1440 2640 1460 2677 a

287 2749 393 2808 causa,
422 2732 460 2794 ut
488 2730 621 2814 eligeret
647 2728 838 2793 christianus
856 2727 1024 2793 turificare
1052 2726 1158 2803 idolis,
1182 2748 1222 2791 ne
1246 2726 1426 2793 consentiret

287 2841 408 2918 stupro,
446 2835 532 2917 quod
567 2838 751 2917 persecutor
787 2835 826 2911 ei,
864 2834 927 2899 nisi
962 2835 1090 2912 faceret,
1127 2833 1320 2915 minabatur,
1350 2834 1425 2897 recte

287 2942 436 3007 uidentur
459 2960 616 3023 quaerere,
639 2960 696 3005 cur
717 2960 779 3005 non
804 2941 900 3011 etiam
923 2941 1120 3019 mentiretur,
1144 2944 1182 3003 ut
1203 2942 1326 3005 tautam
1347 2939 1425 3003 illam

286 3047 518 3131 turpitudinem
555 3048 721 3113 deuitaret.
762 3047 866 3130 ipsam
904 3048 987 3113 enim
1025 3047 1275 3123 consensionem,
1309 3065 1369 3129 qua
1396 3064 1425 3109 sc

289 3161 434 3236 stuprum
472 3154 539 3236 pati
571 3154 681 3218 mallet
714 3173 808 3235 quam
841 3153 999 3218 turifioare
1027 3153 1133 3230 idolis,
1161 3172 1223 3218 uon
1256 3154 1424 3236 passionem
1440 3162 1460 3201 a

287 3261 398 3325 dicunt
429 3278 510 3339 esse,
544 3259 600 3325 sed
632 3261 767 3326 factum:
802 3261 884 3342 quod
917 3280 956 3325 ne
983 3260 1112 3339 faceret,
1142 3259 1241 3343 elegit
1267 3259 1424 3324 turificare.

324 3588 341 3641 2
364 3589 463 3657 nutrit]
487 3588 611 3655 mistros
702 3590 718 3643 3
742 3586 900 3643 caedens&
988 3589 1005 3641 4
1029 3586 1146 3641 falsitati
1165 3588 1199 3656 si]
1225 3587 1353 3641 falsitatis
1369 3585 1424 3640 MR

288 3676 331 3730 uel
350 3676 477 3746 Lthbd
549 3676 729 3747 officiofflssp
804 3676 913 3730 aliunde
927 3676 988 3730 SE¹
1061 3676 1285 3746 perpetrandiF¹
1351 3676 1423 3728 taut

289 3765 372 3833 cuim]
391 3770 482 3819 autem
500 3765 564 3820 MR
618 3767 647 3819 in
665 3767 827 3836 temporalia
844 3766 908 3821 ΜΕ
957 3767 1109 3821 ductitate
1128 3766 1166 3820 M
1208 3762 1421 3831 9ueritatisllp

288 3854 380 3922 aptus]
401 3857 509 3923 apertus
528 3854 593 3907 LF¹
661 3856 691 3908 11
712 3854 761 3924 eis]
781 3854 824 3908 his
842 3874 858 3924 γ
931 3854 1028 3909 debere
1047 3871 1098 3911 om.
1117 3854 1147 3908 F
1217 3853 1420 3909 debere-bonos

287 3943 320 3995 ia
337 3959 389 4011 ηιμ.
407 3959 442 3995 m.
462 3946 514 4013 2q
589 3942 622 3997 13
640 3942 737 3997 horum
756 3960 820 4013 ergo
840 3943 870 3997 F
948 3944 1179 3997 trium-stultum
1197 3944 1230 3996 in
1248 3960 1299 4013 asp.
1316 3959 1348 3996 m.
1366 3936 1422 3993 ΒΓ

291 4032 325 4084 18
353 4030 504 4085 deuitatine
522 4031 551 4086 R
640 4031 783 4100 pertinet
880 4032 912 4086 19
938 4032 1041 4100 raetia
1131 4032 1260 4102 quiequid
1279 4030 1326 4101 Ma
1344 4026 1419 4093 ond

288 4119 325 4172 20
348 4119 441 4173 existit
464 4118 516 4172 SF
537 4120 642 4174 exstitit
664 4120 765 4175 Maca
872 4122 904 4175 21
931 4120 1078 4191 eligeretur
1099 4120 1136 4173 Μ
1158 4120 1274 4191 eligeret
1296 4120 1335 4173 uir
1349 4115 1416 4187 Bit?

290 4208 325 4259 22
343 4211 515 4276 persecutore
533 4208 597 4261 iuisi
615 4208 651 4263 M
705 4210 740 4263 23
760 4226 829 4278 quur
846 4209 909 4263 MR
981 4210 1062 4263 ullam
1082 4208 1179 4265 Fom.
1199 4208 1225 4262 L
1279 4202 1418 4277 idipsaB

289 4311 319 4348 se
338 4311 389 4349 om.
408 4294 512 4365 ΒΜβγ,
533 4313 568 4350 er.
587 4297 620 4350 in
638 4298 668 4351 Ε
720 4300 753 4351 26
774 4298 846 4366 elegi
864 4298 905 4353 R¹
976 4298 1127 4353 turificaret
1144 4299 1173 4354 R
