3109 4959
524 461 567 516 de
596 462 677 516 lide
708 466 744 516 et
772 462 946 531 symbolo
1269 464 1307 526 11

153 658 196 721 tis
226 656 364 738 aooepit:
398 674 471 740 ego
501 674 597 735 sum,
627 658 694 740 qui
728 674 823 723 sum.
858 656 969 722 deinde
1003 656 1180 722 subiunxit:
1213 656 1310 721 haec

154 762 403 828 dioesfiliis
429 763 605 827 Israhel:
630 763 699 845 qui
723 767 797 841 est,
821 764 937 828 misit
959 783 1016 828 me
1040 763 1086 827 ad
1109 782 1193 828 uos.

200 872 231 936 7.
260 870 306 934 Ex
333 889 395 953 quo
423 870 486 934 iam
515 869 712 951 spiritalibus
746 871 860 935 animis
892 874 1001 954 patere
1033 870 1156 935 confido
1189 869 1309 934 nnllam

153 980 301 1041 naturam
330 977 388 1042 deo
417 995 489 1041 esse
517 996 614 1058 posse
643 976 843 1043 contrariam.
879 978 907 1041 si
936 977 1018 1042 enim
1046 977 1102 1041 ille
1131 980 1181 1041 est
1211 979 1244 1041 et
1273 976 1310 1040 de

123 1084 223 1149 ssolo
254 1084 311 1148 deo
341 1085 464 1167 proprie
494 1084 557 1148 diei
580 1086 688 1166 potest
711 1083 772 1148 hoo
796 1085 930 1148 uerbum
953 1120 996 1130 —
1021 1083 1106 1165 quod
1129 1084 1213 1149 enim
1236 1102 1311 1147 uere

154 1194 214 1268 est,
251 1190 557 1255 incommutabiliter
592 1193 709 1270 manet,
748 1192 896 1273 quoniam
936 1190 1020 1273 quod
1057 1194 1210 1269 mutatur,
1248 1190 1311 1255 fuit

154 1298 287 1379 aliquid,
313 1297 482 1379 quodiam
507 1316 568 1362 uon
594 1302 653 1375 est,
674 1302 705 1363 et
729 1297 799 1372 erit,
819 1298 905 1380 quod
927 1296 1068 1361 nondum
1091 1299 1143 1361 est
1164 1333 1209 1342 —
1231 1295 1311 1359 nihil

154 1405 253 1469 habet
282 1402 359 1469 deus
384 1404 588 1469 eontrarium.
612 1405 638 1468 si
664 1404 747 1468 enim
771 1406 975 1487 quaereretur
997 1423 1016 1467 a
1038 1404 1140 1480 nobis,
1167 1402 1244 1485 quid
1266 1402 1312 1467 sit

155 1512 228 1576 albo
258 1512 461 1587 eontrarium,
485 1511 747 1594 responderemus
775 1511 916 1595 nigrum3
947 1510 976 1574 si
998 1497 1211 1591 quaereretur,
1235 1508 1311 1591 quid

111 1636 135 1673 ιο
154 1620 198 1683 sit
222 1617 324 1683 calido
350 1618 551 1695 contrarium,
571 1618 835 1700 responderemus
858 1618 1025 1701 frigidum
1050 1617 1078 1681 si
1098 1619 1309 1699 quaereretur,

154 1724 231 1807 quid
252 1723 296 1788 sit
315 1725 418 1788 uelooi
437 1724 639 1801 eontrarium,
654 1724 916 1807 responderemus
934 1723 1071 1801 tardum,
1091 1727 1124 1787 et
1142 1740 1310 1805 quaecum-

155 1850 217 1912 que
242 1830 370 1895 similia.
396 1850 468 1895 oum
493 1833 599 1895 autom
620 1832 791 1913 quaeritur,
811 1831 887 1913 quid
906 1831 950 1895 sit
968 1829 1158 1896 eontrarium
1178 1829 1207 1893 ei
1226 1828 1310 1911 quod

154 1938 215 2013 est,
239 1940 325 2001 reete
348 1938 571 2019 respondetur:
596 1937 680 2019 quod
703 1958 765 2002 non
790 1940 848 2003 est.

200 2045 232 2110 8.
264 2042 326 2109 Sed
357 2062 413 2126 per·
445 2044 663 2127 temporalem,
692 2046 729 2108 ut
761 2044 835 2119 diri,
865 2042 1128 2127 dispensationem
1163 2041 1309 2124 quoniam

114 2176 140 2215 ro
158 2150 198 2215 ad
227 2152 369 2213 nostram
397 2148 533 2213 salutem
558 2153 591 2214 et
613 2149 844 2232 reparationem
868 2152 1016 2231 operante
1040 2149 1090 2213 dei
1113 2148 1309 2232 benignitate

155 2257 193 2321 ab
222 2256 279 2320 illa
306 2256 561 2319 incommutabili
589 2256 640 2320 dei
674 2256 830 2339 sapientia
860 2258 973 2319 natura
1003 2255 1168 2319 mutabilis
1201 2258 1309 2320 nostra

155 2364 307 2446 suscepta
326 2365 385 2437 est,
404 2362 629 2445 temporalium
648 2383 753 2427 rerum
774 2362 944 2428 salubriter
962 2382 1016 2443 pro
1037 2361 1126 2427 nobis
1147 2364 1309 2446 gestarum

156 2469 360 2552 adiungimus
380 2468 485 2541 fidem,
507 2468 669 2534 eredentes
689 2469 720 2533 in
741 2488 815 2533 eum
834 2469 885 2533 dei
904 2469 1018 2546 filium,
1038 2469 1101 2549 qui
1120 2472 1232 2532 natus
1252 2472 1310 2532 est

154 2594 220 2657 per
245 2574 421 2656 spiritum
446 2579 619 2639 sanctum
644 2594 683 2639 er
708 2575 858 2659 uirgine
880 2574 1010 2638 Maria.
1034 2574 1116 2639 dono
1140 2576 1223 2639 enim
1248 2575 1308 2653 dei,

112 2707 138 2745 ro
156 2682 216 2745 boo
236 2686 286 2745 est
309 2683 418 2745 saneto
443 2680 557 2763 spiritu
581 2700 732 2746 oonoessa
755 2682 847 2745 nobis
871 2684 921 2745 est
939 2683 1027 2745 tanta
1045 2681 1211 2746 humilitas
1230 2683 1310 2746 tanti

158 2787 220 2866 dei,
240 2789 277 2851 ut
299 2790 404 2853 totum
428 2788 589 2853 hominem
614 2788 774 2871 suscipere
800 2788 984 2871 dignaretur
1005 2788 1037 2852 in
1057 2792 1146 2854 utero
1165 2789 1309 2874 uirginis,

159 2898 337 2959 maternum
361 2912 476 2977 eorpus
499 2895 659 2979 integrum
683 2895 874 2971 inhabitans,
893 2894 1052 2979 integrum
1076 2895 1233 2960 deserens.
1258 2895 1310 2959 oui

158 3000 327 3082 temporali
351 3000 579 3084 dispensationi
602 3002 713 3065 multis
737 3001 842 3067 modis
861 3001 1052 3065 insidiantur·
1068 3000 1229 3066 haeretiei.
1254 3000 1310 3064 sed

250 3300 262 3351 1
284 3298 331 3351 Ex.
350 3298 376 3359 3,
397 3298 429 3351 14

195 3474 207 3527 1
230 3472 331 3541 accipit
349 3472 376 3525 P
394 3471 501 3525 audiuit
519 3472 553 3524 M
608 3471 750 3541 subiungit
768 3472 945 3527 APTNFM
960 3473 1103 3542 subiungit
1121 3476 1149 3527 ot
1168 3472 1235 3527 dicit
1257 3472 1309 3528 VO

156 3563 235 3631 haec]
255 3560 353 3614 deinde
373 3562 399 3614 P
488 3560 677 3617 2dioisRF¹
698 3560 846 3615 dicensM
914 3562 1075 3616 manmit
1165 3563 1307 3631 3patere]

157 3652 296 3721 potestate
314 3650 351 3703 M
403 3652 518 3720 lposse
538 3666 629 3720 osser
704 3652 839 3704 contraria
855 3651 883 3706 R
954 3652 1004 3704 illa
1022 3651 1050 3705 P
1109 3651 1198 3706 5dici
1216 3656 1309 3720 potest

158 3739 265 3809 proprie
289 3738 316 3791 V
384 3739 492 3807 proprio
511 3738 549 3791 M
564 3756 615 3793 orn.
635 3738 662 3791 P
734 3739 805 3791 enirn
823 3756 875 3794 om.
895 3740 937 3812 Ργ
1009 3743 1140 3809 destque
1159 3742 1185 3794 P
1250 3757 1308 3794 rna-

158 3830 223 3882 neat
245 3826 274 3881 V
325 3827 439 3896 anihil]
461 3828 530 3881 nibil
549 3844 613 3895 ergo
632 3826 876 3899 AFSqTNVObd
947 3829 1006 3883 ssi
1025 3829 1096 3881 eninr
1119 3829 1176 3882 TN
1249 3830 1306 3881 si—

156 3916 287 3987 irigidum
311 3932 362 3969 om.
387 3914 423 3985 Sp
516 3917 545 3969 ll
572 3917 608 3969 sit
632 3934 682 3970 om.
707 3916 914 3988 AFSTNVOq
1022 3918 1184 3971 eontrarium
1208 3932 1260 3973 om.
1285 3916 1312 3969 V

159 4010 192 4061 12
211 3998 347 4077 quentis}
366 4004 396 4058 F
411 4008 569 4074 quereretur
587 4005 681 4075 ASVq
737 4007 762 4059 ei
781 4008 945 4060 eontrarium
964 4027 979 4077 γ
1028 4008 1060 4060 13
1079 4004 1251 4074 responditur
1269 4005 1307 4059 F¹

160 4098 192 4151 14
210 4112 259 4166 per
277 4109 329 4148 om.
349 4092 376 4146 P
484 4093 599 4147 diximus
624 4094 681 4148 TN
804 4097 930 4165 quoniam
951 4095 1049 4163 lenitur
1066 4100 1131 4162 post
1150 4094 1203 4148 Sed
1221 4096 1253 4147 in
1272 4095 1309 4149 od

161 4188 191 4239 11
211 4184 301 4254 nobis]
323 4182 413 4237 uerbis
432 4182 469 4237 M
522 4184 555 4237 18
574 4187 617 4237 est
635 4182 739 4237 ornM
793 4184 826 4237 19
845 4185 930 4237 maria
948 4184 1106 4252 uirgineM
1157 4182 1201 4236 dei
1215 4183 1308 4238 om.0

160 4276 192 4329 20
211 4274 309 4345 spiritu
328 4276 423 4326 saneto
443 4272 526 4327 APV
599 4278 638 4326 est
658 4273 737 4327 nobis
758 4272 806 4328 VO
878 4274 949 4327 tanti
968 4290 1019 4327 om.
1038 4272 1094 4327 TN
1140 4274 1174 4327 21
1194 4272 1307 4327 utroF¹

161 4365 192 4419 23
212 4362 416 4434 dispensatione
436 4362 579 4431 temporali
599 4364 625 4415 Α
685 4361 887 4433 dispensatione
910 4362 933 4416 0
