3109 4959
265 360 331 423 440
622 357 650 413 S.
676 356 814 410 Aureli
841 356 1058 425 Augustini

309 554 361 615 21.
387 551 479 632 Quod
503 553 531 617 si
555 552 727 617 absurdum
752 555 813 631 est,
838 550 913 633 quid
938 550 1102 616 dicemus?
1127 570 1165 615 on
1189 552 1306 616 fulsum
1324 552 1417 617 testi·

264 657 405 722 monium
430 677 490 722 non
515 661 574 736 est,
593 658 655 722 uisi
675 676 747 722 curn
767 658 903 741 quisque
922 658 969 722 ita
987 658 1148 735 mentitur,
1168 660 1206 722 ut
1224 662 1279 723 uut
1296 659 1416 723 crimen

265 764 424 848 confingat
446 764 477 829 in
501 765 641 848 aliquem
664 765 721 828 aut
743 763 879 829 alicuius
904 764 1021 828 crimen
1046 763 1186 828 occultet
1209 768 1265 828 ant
1287 784 1416 847 quoquc

265 870 359 935 modo
384 890 574 954 quemquam
598 870 629 935 in
649 870 767 936 iudicio
787 858 930 953 premat?
955 870 1083 935 uidetur
1101 870 1184 935 enim
1205 872 1297 935 testis
1317 870 1417 935 iudici

265 978 463 1043 necessarius
496 978 534 1043 ad
567 996 682 1042 causae
710 978 935 1061 coguitionem.
979 977 1035 1043 scd
1063 977 1090 1041 si
1118 977 1271 1042 hactenus
1298 980 1417 1043 testem
1447 1003 1459 1042 s

266 1083 422 1165 scriptura
453 1084 639 1160 nominaret,
668 1102 730 1147 non
759 1082 878 1148 diceret
905 1084 1085 1165 apostolus:
1118 1084 1351 1149 inuenimur
1379 1089 1419 1148 et

266 1190 365 1254 fulsi
393 1193 526 1255 testes
551 1189 624 1268 dei,
649 1187 684 1253 si
707 1189 992 1255 testimonium
1017 1190 1192 1255 diximus
1217 1190 1417 1255 aduersus

266 1296 389 1369 deum,
423 1296 518 1378 quia
545 1296 796 1361 excitauerit
825 1295 1042 1373 Christum,
1071 1316 1184 1379 quom
1213 1315 1286 1361 non
1317 1298 1417 1361 exci-

265 1402 384 1466 tauit.
408 1403 455 1467 ita
477 1402 562 1467 enim
581 1402 721 1468 ostendit
738 1401 856 1467 salsum
876 1404 1096 1469 testimouium
1115 1421 1185 1467 osse
1204 1402 1415 1478 mendacium,

267 1508 393 1573 etiamsi
416 1509 448 1572 in
472 1508 663 1592 cuiusquam
686 1509 767 1575 falsa
790 1510 883 1575 laude
907 1510 1039 1573 dicatur.
1433 1534 1456 1572 ro

310 1615 397 1679 XIII.
421 1618 469 1679 Au
493 1616 575 1681 forte
596 1620 673 1681 tunc
698 1616 776 1681 dicit
799 1616 914 1681 falsum
939 1616 1159 1681 testimonium
1179 1616 1234 1699 qui
1253 1617 1413 1691 mentitur,

267 1740 339 1785 eum
372 1724 428 1786 aut
459 1723 595 1787 alicuius
627 1726 795 1807 peccatum
827 1724 879 1787 uel
912 1722 1006 1807 fingit
1037 1722 1089 1785 nel
1122 1724 1204 1807 tegit
1236 1727 1293 1787 aut
1320 1724 1412 1788 alieni

268 1826 360 1893 obest
379 1847 505 1911 quoquo
525 1830 642 1895 modo?
661 1830 690 1894 si
709 1830 792 1895 enirn
811 1829 1021 1905 mendacium,
1038 1828 1122 1910 quod
1142 1828 1295 1893 aduersus
1315 1830 1412 1893 uitam

268 1934 455 2017 cuiusquam
483 1937 690 2019 temporalem
717 1936 845 2017 dieitur,
875 1934 1062 2000 detestabile
1087 1939 1146 2011 est,
1171 1937 1412 2021 quantomagis

268 2040 352 2121 quod
381 2041 534 2106 aduersus
562 2044 663 2108 uitam
687 2045 859 2108 aeternam!
897 2041 992 2106 sicuti
1016 2044 1066 2106 est
1089 2060 1180 2105 omne
1205 2040 1450 2119 mendaciumn

269 2146 295 2209 si
332 2147 364 2211 in
397 2148 539 2215 doctrina
569 2149 733 2233 religionis
765 2149 831 2213 fiat.
879 2153 910 2213 et
941 2147 1012 2213 ideo
1045 2140 1162 2213 fulsum
1194 2148 1411 2215 testimoninm

268 2244 364 2318 uocat
400 2257 573 2337 apostolus,
611 2256 639 2321 si
677 2257 748 2338 quis
786 2256 824 2320 de
858 2254 994 2331 Christo,
1028 2252 1124 2319 etiarn
1157 2255 1242 2337 quod
1275 2254 1314 2319 ad
1346 2255 1410 2319 eius

268 2359 393 2424 laudern
430 2361 558 2427 uidetur
589 2363 754 2445 pertinere,
787 2362 969 2428 mentiatur.
1017 2361 1044 2425 si
1077 2364 1183 2425 autern
1215 2361 1409 2427 menducium

270 2466 321 2545 sit,
351 2469 435 2549 quod
463 2488 564 2552 neque
588 2470 776 2552 cuiusquam
801 2458 965 2551 peccatum
990 2470 1045 2533 aut
1068 2466 1228 2551 confingat
1251 2472 1307 2532 aut
1329 2471 1412 2552 tegul-

269 2592 326 2636 neo
349 2594 367 2637 a
389 2575 493 2640 iudice
517 2580 686 2659 quaeratur
708 2580 741 2640 et
763 2575 843 2640 nulli
868 2576 952 2639 obsit
971 2579 1003 2639 et
1024 2563 1127 2657 prosit
1149 2574 1256 2651 alicui,
1280 2592 1337 2638 nec
1358 2572 1410 2637 fal·
1426 2598 1450 2635 so

270 2700 341 2744 sum
365 2680 584 2747 testimonium
610 2702 679 2749 esse
702 2701 759 2747 nec
783 2681 1028 2767 reprehensibile
1051 2681 1276 2746 mendacium?

315 2788 369 2852 22.
395 2786 478 2866 Quid
509 2794 605 2875 ergo?
633 2790 660 2855 si
689 2790 728 2854 ad
757 2790 964 2855 christianum
991 2786 1152 2853 homicida
1175 2788 1341 2873 confugiat
1360 2794 1410 2851 ant

271 2892 388 2971 uideat,
413 2915 474 2978 quo
499 2897 652 2981 confugit,
677 2900 710 2961 ot
733 2896 771 2961 de
795 2897 855 2961 hac
877 2914 910 2960 re
935 2895 1147 2979 interrogetur
1169 2896 1208 2959 ab
1233 2914 1281 2969 eo,
1305 2894 1358 2978 qui
1375 2892 1409 2958 ad

272 3002 463 3082 supplicium
493 3004 616 3086 quaerit
642 3003 804 3069 hominem
832 3003 968 3067 hominis
996 3001 1239 3078 interfectorem,
1266 2998 1410 3067 mentien-

271 3106 348 3170 dum
372 3113 441 3173 est?
465 3110 622 3192 quomodo
646 3110 730 3175 enim
753 3128 813 3174 non
837 3110 926 3193 tegit
940 3112 1106 3191 peccatum
1128 3106 1321 3185 mentiendo,
1344 3124 1407 3171 cnm
1423 3128 1446 3168 ao

271 3211 336 3293 ille,
368 3233 424 3298 pro
457 3234 518 3298 quo
552 3216 713 3293 mentitur,
741 3219 907 3297 pecca-tum
935 3214 1124 3281 sceleratum
1153 3214 1337 3279 admiserit?
1374 3230 1407 3275 au

362 3424 378 3475 6
397 3422 412 3475 Ι
430 3422 490 3478 Cor.
512 3425 554 3491 15,
575 3426 608 3477 15
676 3384 679 3389 ⁵

308 3547 403 3602 ‘deum
422 3564 507 3617 coar
615 3550 902 3617 3aut-quemquam
919 3549 951 3601 iu
969 3564 1018 3617 my.
1039 3546 1068 3601 F
1174 3561 1227 3615 quo
1251 3543 1331 3599 modo
1349 3540 1407 3613 897¹

272 3634 407 3690 liuticio
425 3635 454 3691 R
561 3636 688 3691 uideatur
705 3637 757 3709 Mq
850 3638 968 3689 beauce
986 3634 1053 3689 ΜΒ*
1157 3636 1272 3688 actenus
1290 3628 1406 3697 manue

273 3726 478 3795 decripturqq
534 3726 672 3795 apostolus
691 3727 786 3795 paulus
801 3724 951 3794 MRffiqt
1005 3724 1159 3777 inuenimur
1176 3716 1406 3789 somnolento

272 3814 565 3884 dercitauitMREq
609 3815 642 3869 10
661 3815 821 3883 cuiusquet
865 3816 896 3868 ll
917 3814 1014 3867 falsum
1034 3829 1085 3867 om.
1105 3810 1179 3880 δβΕ1
1234 3812 1293 3881 qui]
1311 3815 1406 3877 curn‘qq

275 3902 309 3955 12
333 3906 381 3955 aut
403 3919 454 3956 om.
478 3902 538 3957 ὁἙ1
645 3906 786 3972 peccatum
810 3902 923 3955 alicuius
947 3898 1083 3970 Maqqud
1173 3900 1207 3952 13
1231 3897 1311 3951 obeat
1333 3912 1406 3963 ouuq

274 3989 488 4060 quoquomodo]
509 3992 647 4045 commodo
662 3990 714 4046 SF
725 4007 777 4060 quo
794 3990 934 4043 commodo
950 3994 1014 4058 (quo
1027 4005 1050 4042 o.
1066 3990 1096 4055 1.)
1112 3988 1141 4043 Ε
1177 3989 1211 4041 14
1225 3987 1405 4056 cuiusquam-

274 4081 359 4131 uitam
377 4095 428 4134 cm.
448 4077 557 4148 MREq
630 4082 701 4133 esset
719 4080 825 4132 inrue.
844 4077 875 4131 F
954 4077 987 4130 17
1007 4076 1078 4145 eins]
1097 4092 1183 4145 noso
1261 4076 1292 4129 19
1306 4090 1349 4143 pr.
1367 4075 1407 4125 aut

274 4182 362 4238 om.q
435 4167 470 4222 20
489 4183 505 4219 a
523 4173 605 4235 omn
676 4166 810 4239 indiqu
881 4165 1020 4235 quaeritur
1037 4163 1065 4219 R
1120 4166 1154 4219 22
1173 4164 1315 4234 confugiat
1330 4158 1405 4215 homi·

275 4254 335 4308 cidc
354 4253 384 4307 F
434 4256 468 4311 23
487 4256 670 4325 interrogatur
688 4254 719 4310 F
769 4257 804 4310 25
824 4256 906 4325 enim]
927 4257 1045 4321 antemi
1094 4254 1129 4309 26
1148 4248 1298 4306 summiserit
1314 4246 1405 4317 mauu
