3109 4959
279 436 345 499 494
637 434 664 487 S.
692 434 830 486 Aureli
857 434 1078 503 Augustini

280 626 424 703 anobis,
453 626 480 690 si
510 646 547 693 eo
574 626 668 690 modo
698 626 750 710 agi
778 627 928 708 potuerit,
957 630 994 691 ut
1020 626 1076 691 illa
1098 626 1236 710 inpietas
1260 647 1323 693 non
1346 646 1433 693 eorn-

278 734 426 797 mittatur
454 735 492 797 ab
521 733 607 797 aliis:
637 732 729 797 etin
758 733 894 817 singulis
923 734 1103 816 quibusque
1128 734 1299 818 generibus
1322 752 1432 815 peooa·

278 843 384 904 torum
409 844 441 904 et
464 839 550 903 furta
571 860 627 922 pro
650 840 746 905 furtis
770 843 804 905 et
828 844 938 923 stupra
960 859 1016 922 pro
1042 841 1162 923 stupris
1182 844 1214 905 et
1233 842 1357 905 incesta
1374 860 1433 923 pro

278 946 410 1011 incestis
425 954 458 1009 et
476 946 643 1029 saonlegia
661 964 717 1028 pro
737 944 914 1029 sacrilegiis
933 947 1078 1011 facienda
1095 945 1304 1030 putabuntur,
1324 950 1433 1011 nostra

279 1072 335 1135 pro
360 1053 483 1131 alienis,
508 1072 567 1117 nou
593 1053 695 1117 solum
720 1053 843 1117 minora
865 1072 922 1134 pro
946 1052 1130 1131 maioribus,
1153 1072 1266 1117 uerum
1287 1054 1382 1116 etiam
1404 1053 1432 1115 si
1465 1074 1478 1111 a

279 1158 321 1223 ad
343 1159 414 1241 ipsa
437 1178 564 1223 summa
587 1163 620 1223 et
641 1159 783 1242 pessima
806 1160 962 1237 ueniatur,
981 1160 1129 1243 pauciora
1149 1178 1204 1242 pro
1223 1160 1385 1241 pluribus,
1404 1160 1434 1222 si

279 1284 314 1328 se
338 1266 384 1330 ita
405 1285 511 1329 rerum
534 1268 642 1330 uersat
664 1265 822 1339 incursus,
847 1268 884 1328 nt
907 1265 998 1329 aliter
1022 1264 1076 1329 alii
1104 1283 1166 1329 non
1191 1284 1225 1330 so
1250 1266 1434 1330 abstineant

279 1392 298 1435 a
320 1373 471 1453 peccatis,
497 1372 558 1435 nisi
576 1372 681 1437 minus
705 1371 879 1454 aliquanto,
899 1371 955 1435 sed
973 1376 1081 1436 tamen
1099 1371 1308 1455 peccantibus
1329 1370 1433 1447 nobis,

279 1476 325 1540 ita
347 1479 385 1541 ut
408 1476 534 1542 omnino
558 1476 614 1541 ubi
638 1476 750 1541 dixerit
773 1476 933 1554 inimicus,
959 1478 1013 1559 qui
1042 1476 1189 1541 habuerit
1216 1478 1314 1541 huius
1345 1476 1434 1542 modi

278 1586 485 1665 potestatem:
509 1583 572 1649 nisi
595 1588 631 1648 tu
651 1584 825 1648 sceleratus
844 1584 955 1661 fueris,
976 1603 1035 1667 ego
1055 1583 1246 1661 sceleratior,
1272 1588 1344 1649 aut:
1369 1584 1433 1648 nisi
1455 1609 1477 1645 ιο

278 1695 315 1756 tu
347 1690 408 1754 hoo
440 1691 546 1755 scelus
578 1690 701 1769 feceris,
731 1710 791 1775 ego
820 1692 898 1755 talia
924 1692 1017 1773 plura
1044 1688 1169 1769 faciam,
1199 1690 1303 1755 scelus
1337 1691 1432 1755 uobis

278 1796 446 1861 uideamur
480 1797 657 1878 admittere,
689 1799 717 1863 si
748 1799 888 1864 uelimus
922 1799 960 1863 ab
993 1800 1111 1863 scelere
1147 1801 1331 1879 temperare.
1370 1797 1432 1861 boe

279 1923 388 1987 sapere
408 1904 484 1985 quid
503 1907 554 1969 est
571 1903 632 1968 nisi
648 1904 791 1987 desipere
806 1905 860 1969 uel
878 1904 987 1987 potius
1005 1904 1164 1969 insanire?
1184 1923 1202 1967 a
1219 1922 1290 1967 mea
1309 1904 1432 1987 quippe

278 2011 457 2092 iniquitate,
482 2029 543 2076 non
567 2011 605 2075 ab
631 2011 733 2076 aliena
760 2011 830 2076 siue
858 2012 890 2075 in
919 2030 969 2075 me
993 2012 1062 2075 siue
1085 2012 1117 2075 in
1146 2011 1217 2076 aliis
1247 2014 1433 2093 perpetrata

278 2117 358 2181 mibi
377 2122 427 2182 ost
445 2118 585 2182 cauenda
599 2117 773 2193 damnatio;
795 2118 926 2181 anima
946 2119 1039 2197 enim,
1060 2138 1158 2200 qnae
1177 2118 1432 2201 peccauerit
1453 2140 1474 2175 n

278 2224 371 2307 ipsa
393 2224 601 2289 morietur.

324 2333 377 2395 21.
402 2330 437 2395 Si
461 2350 534 2414 ergo
558 2348 699 2412 peccare,
722 2350 760 2395 ne
786 2331 917 2415 grauius
942 2332 995 2397 uel
1012 2332 1045 2395 in
1064 2350 1121 2395 nos
1141 2331 1194 2395 uel
1212 2331 1244 2394 in
1264 2330 1433 2412 quoslibet

279 2437 333 2501 alii
356 2439 498 2520 peooeot,
522 2438 633 2519 prooul
657 2437 752 2502 dubio
776 2444 840 2503 non'
864 2438 1025 2515 debemus,
1046 2438 1303 2503 considerandum
1324 2441 1377 2501 est
1397 2438 1429 2501 in

278 2564 326 2620 eo,
356 2543 440 2626 qnod
466 2544 545 2607 feeit
570 2544 663 2620 Loth,
691 2548 800 2609 utrum
829 2547 1007 2627 exemplum
1036 2546 1087 2623 sit,
1117 2544 1201 2627 quod
1228 2543 1357 2609 imitari.
1389 2562 1430 2607 an

277 2652 385 2733 polius
410 2651 494 2733 quod
518 2652 619 2716 uitare
643 2652 825 2717 debeamus.
850 2652 952 2736 magis
977 2652 1059 2716 enim
1088 2651 1216 2716 uidetur
1237 2649 1428 2715 intuendum
1448 2672 1472 2709 ro

279 2760 312 2821 et
333 2758 517 2836 notandum,
542 2777 614 2823 oum
642 2762 707 2823 tam
736 2760 925 2825 horrendum
955 2762 1074 2823 malum
1103 2777 1138 2823 er
1162 2758 1312 2841 inpietate
1336 2756 1431 2841 flagi-

277 2864 455 2929 tiosissima
478 2863 714 2929 Sodomitarum
742 2865 810 2930 suis
839 2864 1023 2949 inpenderet
1046 2864 1238 2947 hospitibus,
1262 2862 1348 2944 quod
1374 2883 1431 2928 ou-

277 2973 369 3051 peret
396 2969 552 3054 depellere
582 2990 639 3035 neo
663 2972 795 3049 ualeret,
821 2972 867 3037 sio
891 2972 987 3037 etiarn
1014 2972 1091 3036 iusti
1116 2970 1255 3034 animum
1279 2970 1430 3051 potuisse

278 3077 407 3156 turbari,
436 3080 473 3142 ut
499 3078 600 3142 uellet
626 3078 739 3155 faeere,
768 3078 852 3161 quod
879 3098 941 3143 non
969 3076 1098 3143 humani
1122 3076 1246 3141 timoris
1270 3076 1429 3142 nebulosa

278 3308 296 3352 a
326 3290 428 3369 nobis,
451 3289 632 3355 faciendum
660 3311 721 3356 non
750 3310 820 3355 esse
850 3291 1001 3356 clamabit
1028 3294 1060 3354 et
1087 3290 1212 3355 iubebit
1239 3288 1362 3371 potina,
1394 3296 1430 3355 ut

277 3397 324 3460 sio
351 3401 459 3462 nostra
485 3401 617 3479 peooata
644 3416 825 3475 caueamus,
853 3418 892 3463 ue
920 3398 1056 3463 ullorum
1084 3414 1215 3479 prorsus
1248 3396 1427 3461 alienorum

367 3588 399 3640 15
418 3588 466 3642 En.
487 3588 529 3652 18,
548 3591 565 3641 4

313 3711 325 3763 l
346 3712 486 3781 potuerint
505 3710 575 3780 prou
663 3712 721 3781 illa]
743 3729 775 3766 ea
795 3712 810 3781 β
883 3714 899 3765 2
919 3710 992 3765 alniis
1015 3711 1041 3764 T
1057 3711 1146 3783 illisq
1219 3712 1236 3765 3
1255 3709 1333 3763 fortis
1356 3714 1392 3777 (s.
1410 3730 1426 3765 o

275 3799 341 3853 aaa.
360 3807 427 3871 r)p
492 3801 634 3870 talionis]
656 3801 810 3871 elymosinis
833 3800 900 3854 udo
963 3799 1194 3869 8aliquandoT
1256 3799 1331 3853 uita
1352 3800 1375 3869 (i
1394 3816 1428 3854 et

274 3892 341 3960 ulp
423 3891 465 3958 ut]
486 3890 578 3943 autO
660 3890 767 3943 abuerit
788 3888 866 3942 CbT¹
959 3888 993 3942 10
1012 3889 1069 3959 sut]
1089 3892 1117 3941 et
1141 3888 1208 3941 TOb
1284 3894 1314 3941 tu
1332 3888 1426 3955 nisit

276 3978 308 4030 11
328 3977 383 4031 ulia
400 3979 527 4047 perplura
543 3998 559 4049 γ
660 3980 693 4031 12
713 3979 866 4032 ammittere
889 3976 957 4031 Tot
976 3978 1100 4031 amittere
1118 3977 1147 4031 R
1248 3978 1281 4031 14
1300 3976 1369 4029 ulios
1389 3976 1428 4029 bd

274 4070 405 4135 perpetua
426 4065 495 4119 Yon
576 4068 608 4119 17
627 4068 760 4136 negauius
782 4065 861 4121 (Μ’ι
945 4066 977 4119 19
996 4065 1038 4119 lot
1055 4064 1094 4120 R¹
1167 4064 1202 4121 20
1221 4063 1370 4118 debeamus
1389 4080 1424 4117 an

275 4153 366 4221 potius
386 4154 458 4222 quod
476 4155 563 4208 uitare
582 4154 637 4209 FL
708 4156 743 4209 22
763 4154 946 4224 ospitibusT
1017 4155 1051 4207 23
1071 4153 1206 4207 debellare
1227 4153 1268 4208 Cb
1340 4152 1424 4205 siY¹

274 4242 395 4309 potuisse
415 4258 465 4300 orn.
485 4242 540 4296 ΓΙ,
647 4244 801 4298 dilaceret
823 4242 864 4297 Ob
954 4241 1026 4312 quod
1045 4259 1096 4297 om.
1118 4242 1159 4295 Ob
1248 4256 1303 4295 non
1323 4254 1376 4293 om.
1398 4241 1425 4294 0

272 4330 365 4383 umaui
387 4330 426 4385 Cb
498 4332 532 4385 25
551 4333 706 4387 consolatur
726 4333 808 4387 0le
882 4332 915 4386 27
935 4333 1047 4401 peccata
1064 4327 1194 4395 nostrat
1267 4329 1375 4383 illorum
1392 4328 1422 4399 γ’
