3109 4959
383 435 425 490 de
453 453 542 490 cura
569 453 636 506 pro
664 437 832 490 mortuis
861 435 1031 506 gerenda
1214 441 1277 506 647

132 637 164 698 et
188 651 222 697 se
245 636 321 698 tunc
345 631 462 696 abillo
486 630 614 695 audisse
637 631 819 696 recolebant
840 635 936 714 atque
962 631 1139 700 firmabant.
1172 653 1280 716 quam·

131 741 240 806 obrem
260 739 344 804 siout
367 738 450 804 uidit
471 738 667 820 baptismum
687 757 782 804 suum
802 742 835 802 et
851 757 904 803 me
922 738 1029 821 ipsum
1049 743 1080 805 et
1097 739 1279 824 Hipponem

131 851 164 911 et
180 845 347 912 basilicam
367 849 398 910 et
415 845 639 928 baptisterium
658 863 719 908 nou
737 845 769 909 in
794 845 890 910 rebus
912 845 1003 928 ipsis,
1023 845 1080 910 sed
1098 846 1130 910 iu
1149 847 1280 928 quibus·

131 954 204 1017 dam
229 951 494 1017 similitudinibus
518 971 633 1030 rerum,
653 953 699 1018 ita
719 955 751 1016 et
769 952 850 1016 alios
872 952 1026 1034 quosdam
1044 952 1138 1017 uiuos
1158 953 1279 1018 eisdem

101 1059 346 1124 suescientibus
370 1055 466 1122 uiuis.

175 1165 263 1231 ΧΙΠ.
288 1163 352 1230 Cur
378 1183 439 1228 uon
468 1183 541 1249 ergo
577 1165 623 1229 ito
651 1167 683 1229 et
708 1165 784 1230 illos
812 1170 954 1231 mortuos
987 1164 1108 1231 eisdem
1140 1167 1278 1232 nescien-

130 1269 218 1338 tibus
241 1272 399 1338 mortuis?

178 1382 229 1444 16.
255 1379 318 1444 Cur
345 1397 406 1443 non
433 1379 514 1444 istas
543 1379 741 1462 operationes
771 1378 930 1465 angelicas
959 1378 1118 1445 credimus
1141 1399 1198 1463 per
1215 1380 1279 1445 dis·

129 1487 348 1571 pausationem
376 1485 595 1568 prouidentiae
624 1484 675 1548 dei
703 1484 782 1549 bene
809 1486 931 1550 utentis
960 1490 993 1551 ot
1014 1487 1107 1552 bonis
1130 1491 1164 1551 et
1185 1487 1279 1552 malis

83 1593 307 1658 sesecundum
331 1592 570 1656 inscrutabilem
595 1591 798 1656 altitudinem
819 1591 1009 1658 iudiciorum
1034 1597 1185 1658 suorum?
1209 1593 1279 1658 siue
1315 1677 1320 1687 ι

130 1701 328 1764 instruantur
355 1698 429 1762 binc
453 1702 575 1764 mentes
599 1699 783 1762 montelium
807 1699 877 1763 siue
900 1699 1052 1764 fallantur
1076 1700 1146 1766 siue
1169 1719 1278 1766 conso·

129 1806 237 1871 lentur
268 1807 339 1870 siue
369 1808 556 1883 terreantur,
600 1804 684 1869 sicut
717 1805 889 1887 unicuique
925 1806 979 1870 uel
1015 1807 1193 1890 praebenda
1228 1811 1279 1872 est

131 1910 349 1977 misericordia
379 1911 433 1974 uel
471 1910 642 1994 inroganda
678 1911 822 1977 uindicta
858 1911 896 1976 ab
932 1913 1001 1993 illo,
1034 1915 1085 1978 cui
1123 1913 1278 1978 miseri·

131 2017 309 2083 cordiam
334 2019 373 2082 et
395 2015 595 2081 iudicium
615 2035 677 2082 uon
695 2017 833 2082 inaniter
851 2023 957 2084 cantat
973 2021 1118 2084 ecclesia.
1138 2023 1175 2084 ut
1189 2019 1279 2084 uolet

83 2148 112 2187 in
130 2124 267 2206 accipiat
295 2123 429 2206 quisque
456 2121 677 2205 quod'dioam.
716 2123 743 2188 si
766 2125 861 2189 rebus
884 2124 1065 2190 uiuentium
1086 2127 1278 2192 interessent

130 2232 252 2296 animae
278 2233 477 2296 mortuorum
506 2233 539 2294 et
565 2229 653 2312 ipsae
682 2249 751 2308 nos,
777 2231 903 2313 quando
932 2249 985 2297 sas
1008 2231 1167 2310 uidemus,
1191 2232 1277 2297 adlo-

130 2339 303 2420 querentur
325 2337 356 2400 in
382 2335 570 2412 somniant
593 2336 630 2402 de
654 2338 725 2401 aliis
749 2343 883 2415 taceam,
901 2357 953 2402 me
974 2338 1081 2421 ipsum
1103 2336 1158 2421 pia
1174 2340 1277 2402 maten

129 2444 218 2508 nulla
236 2447 328 2509 nocte
348 2443 514 2518 desereret,
531 2461 610 2526 quae
629 2447 712 2507 terna
730 2443 873 2526 marique
893 2448 1003 2509 secuta
1020 2447 1080 2520 est,
1095 2448 1133 2509 ut
1151 2463 1276 2510 mecum

129 2551 265 2615 uiueret.
289 2550 374 2614 absit
397 2549 491 2626 enim,
516 2552 554 2614 ut
575 2550 660 2614 facta
683 2550 727 2616 sit
748 2551 819 2615 uita
840 2551 981 2616 feliciore
1009 2551 1148 2616 crudelis
1175 2569 1277 2634 usque

80 2679 109 2720 ευ
129 2657 207 2721 adeo
236 2659 282 2735 ut,
307 2655 431 2738 quondo
461 2655 581 2738 aliquid
609 2656 698 2740 angit
725 2675 779 2721 cor
806 2677 924 2735 meum,
947 2676 1006 2722 neo
1028 2657 1154 2722 tristem
1175 2655 1277 2722 tilium

129 2765 321 2838 consoletur,
351 2781 443 2845 quem
474 2763 585 2827 dilexit
610 2763 714 2841 unice,
743 2781 838 2845 quem
866 2783 1040 2846 numquam
1066 2764 1172 2828 uoluit
1193 2783 1277 2828 mae·

129 2875 217 2936 stum
236 2870 354 2935 uidere.
379 2870 432 2935 sed
451 2871 593 2952 prolecto
614 2869 699 2952 quod
718 2889 807 2935 sacer
825 2871 967 2954 psalmus
985 2874 1145 2954 personat,
1164 2891 1276 2936 uerum

220 3062 253 3115 10
273 3060 305 3116 ef.
325 3061 401 3114 Rom.
423 3061 465 3123 11,
484 3061 518 3114 33
576 3061 607 3115 13
628 3059 660 3114 cs.
680 3059 726 3115 Ps.
748 3060 808 3125 100,
829 3061 841 3114 1

166 3186 230 3240 let
248 3201 277 3238 se
296 3188 362 3238 tuuc
381 3181 414 3238 ab
433 3183 493 3252 illo]
514 3199 542 3237 se
561 3187 627 3237 tnnc
646 3182 679 3236 ab
698 3183 897 3238 illoNKEse
916 3201 988 3238 nunc
1006 3183 1102 3239 abillo
1121 3185 1150 3239 Y
1165 3187 1277 3238 etnuno

128 3275 163 3328 ab
183 3274 231 3328 illo
255 3273 368 3342 TAGbp
387 3279 454 3326 tuuc
472 3273 505 3326 ab
524 3273 572 3326 illo
596 3271 696 3339 VsBF
712 3276 740 3326 et
757 3275 824 3326 tunc
843 3272 876 3326 ab
891 3272 938 3326 illo
953 3271 991 3326 Μ
1006 3277 1073 3328 tune
1087 3273 1120 3326 ab
1134 3273 1183 3327 illo
1197 3289 1226 3327 se
1240 3273 1278 3327 bd

128 3361 237 3418 audisse
256 3379 284 3416 se
308 3359 349 3429 Υβ
457 3361 545 3430 adque
562 3361 708 3414 firmabant
725 3361 754 3414 11
779 3365 808 3414 et
826 3360 1006 3416 adfirmabant
1024 3361 1055 3415 1²
1139 3365 1155 3416 2
1181 3365 1210 3416 et
1221 3362 1277 3431 fia.

128 3451 226 3506 om.N
277 3452 404 3521 ipponem
419 3447 686 3518 NTIZAEFKYp
723 3449 943 3518 cinereus*
974 3451 1117 3505 4aliusY
1168 3449 1280 3504 uirosF

127 3544 144 3595 5
164 3539 457 3593 uiuis-nescientibus
476 3555 527 3592 ona.
552 3538 581 3591 Y
649 3537 720 3590 uiuis
740 3537 925 3591 attestabatur
941 3537 973 3592 F
1042 3538 1276 3609 oquu112b1131

125 3627 339 3696 ita-angelieas
356 3626 389 3680 io
405 3641 455 3694 my.
473 3643 508 3679 m.
528 3629 548 3678 2
566 3623 679 3679 adul*
749 3626 855 3694 squar
872 3625 936 3678 ΖΜ
1022 3626 1076 3680 ista
1098 3625 1127 3680 Y
1213 3643 1272 3680 otu·

126 3718 217 3772 tiones
241 3715 270 3768 Y
326 3713 386 3766 fleri
405 3711 537 3765 credimus
555 3713 586 3766 Ε
643 3711 846 3781 dispensatione
870 3711 899 3765 Y
950 3713 1030 3767 9dei
1047 3713 1280 3782 prouidentiaeE

127 3805 173 3858 dei
191 3819 243 3858 om.
261 3801 295 3856 K
385 3801 418 3855 10
437 3799 611 3854 altitudinem
631 3799 834 3854 inscrutabilem
856 3801 881 3853 Τ
960 3802 991 3855 11
1012 3805 1043 3855 ut
1060 3803 1229 3856 instruantur
1246 3802 1280 3856 N

125 3893 261 3947 falluntur
279 3890 320 3944 K¹
395 3889 427 3943 12
447 3890 491 3942 uel
510 3904 561 3944 coa.
581 3889 674 3940 ΒΑΜ
762 3892 805 3942 est
822 3888 926 3943 om.K
1002 3891 1035 3944 14
1053 3907 1107 3944 nou
1125 3890 1172 3957 uid
1193 3896 1278 3956 (m.2

127 3987 199 4051 cap.)
224 3979 249 4033 T
320 3980 352 4033 15
372 3978 492 4032 dicemus
510 3977 540 4031 Ε
622 3977 782 4030 uiuentibus
799 3977 977 4031 BTMAEF
1046 3981 1079 4035 16
1098 3980 1157 4049 ipse
1174 3979 1280 4034 NIZE

126 4072 219 4142 ipsip
310 4067 485 4136 eosNKYp
576 4067 699 4120 uidemus
719 4067 814 4120 easE
899 4069 930 4121 17
950 4069 978 4121 in
997 4067 1279 4124 somnisom.AFM

128 4162 162 4216 18
180 4160 273 4228 nocte]
293 4158 399 4212 ratione
418 4155 450 4210 K
455 4155 483 4209 Y
554 4156 586 4210 19
606 4154 733 4224 crudelis]
754 4153 845 4210 crudis
863 4156 884 4208 Ι
900 4156 1010 4211 credula
1027 4156 1058 4211 F
1121 4159 1156 4212 20
1175 4157 1276 4228 quid&

126 4250 187 4320 agit
209 4248 272 4302 ΝΥ
293 4245 403 4315 angitur
425 4244 556 4300 BTIZF
660 4261 694 4298 ne
716 4245 759 4312 Τφ
851 4245 884 4297 21
913 4246 1008 4299 unicae
1026 4245 1054 4298 B
1160 4253 1275 4301 mestum

129 4335 347 4392 TIZEBFKY
