3109 4959
586 414 628 469 de
655 414 858 469 mendacio
1233 416 1299 479 439

147 609 368 676 testimonium
397 609 466 674 siue
493 611 623 693 peccato
652 608 726 677 dici.
763 628 827 691 quo
857 608 934 693 quid
956 608 1019 673 dici
1042 611 1150 692 potest
1172 627 1298 692 peruer-

148 718 240 782 sius?
282 736 320 781 an
354 736 441 794 uero,
475 716 503 781 si
535 716 617 781 alius
645 715 770 781 furatus
799 718 885 780 esset
911 714 1004 780 illum
1032 714 1174 780 modium
1203 720 1235 779 et
1262 717 1297 779 tu

146 824 275 889 uideres
302 824 579 907 interrogatusque
603 842 702 901 esses,
725 822 904 887 mentireris
928 821 1060 887 honeste
1083 840 1138 905 pro
1162 840 1297 905 paupere

147 936 191 1007 et,
216 930 244 995 si
266 930 299 994 id
322 949 377 1013 pro
399 932 456 994 tua
478 932 664 1012 paupertate
687 929 796 1007 facies,
821 928 1020 1012 culpaberis?
1045 928 1136 1010 quasi
1160 926 1298 1011 amplius

109 1037 249 1102 salium
277 1056 371 1121 quam
399 1040 431 1101 te
459 1035 589 1119 diligere
618 1034 745 1101 debeas.
785 1042 956 1119 utmmque
985 1054 1059 1120 ergo
1088 1037 1178 1119 turpe
1203 1036 1297 1117 atque

144 1143 315 1208 uitandum
339 1146 398 1209 est.

192 1251 246 1313 20.
271 1248 335 1315 Sed
361 1249 506 1316 fortassis
529 1249 745 1333 exceptionem
768 1249 943 1315 addendam
967 1250 1039 1332 quis
1057 1252 1159 1334 putet,
1179 1253 1216 1313 ut
1235 1250 1298 1314 siut

145 1356 301 1441 quaedam
340 1357 472 1423 honesta
503 1357 677 1435 mendacia,
711 1376 791 1439 quae
824 1376 884 1422 uon
917 1358 1021 1421 solum
1055 1356 1134 1421 nulli
1168 1356 1296 1433 obeunt,

145 1464 203 1530 sed
240 1464 336 1529 etiam
373 1463 533 1529 nonnullis
569 1467 712 1546 prosunt,
751 1464 890 1546 exceptis
923 1462 984 1541 his,
1018 1463 1133 1546 quibus
1167 1464 1298 1528 crimina

96 1592 123 1629 ιο
145 1572 347 1636 occultantur
365 1576 398 1635 et
416 1570 645 1636 defenduntur:
665 1574 702 1635 ut
719 1569 791 1635 ideo
811 1570 854 1636 sit
872 1570 953 1636 illud
972 1575 1064 1653 turpe
1085 1569 1296 1647 mendacium,

145 1678 232 1759 quod
264 1678 410 1759 quamuis
442 1677 522 1743 uulli
555 1677 641 1743 obsit
672 1681 704 1741 et
735 1677 837 1760 prosit
868 1677 1009 1760 pauperi,
1042 1678 1160 1743 furtum
1190 1679 1295 1741 tamen

146 1784 303 1861 occultat3
337 1784 366 1848 si
399 1787 505 1849 autem
538 1781 584 1848 ita
611 1784 691 1847 nulli
719 1785 848 1849 obesset
875 1788 907 1848 et
932 1784 1099 1868 prodesset
1126 1784 1231 1865 alicui,
1260 1788 1297 1847 ut

143 1892 243 1954 etiam
279 1890 406 1955 nullum
441 1894 608 1972 peccatum
646 1890 822 1955 occultaret
853 1892 949 1971 atque
982 1888 1171 1967 defenderet,
1203 1894 1295 1972 turpe

143 2016 207 2061 nou
231 1998 326 2063 esset.
363 1995 454 2061 uelut
478 1996 505 2061 si
529 1996 688 2079 quispiam
712 1996 880 2080 pecuniam
904 2015 993 2061 suam
1020 2000 1050 2060 te
1073 1996 1202 2061 uidente
1226 1996 1295 2061 abs-

94 2123 122 2161 rs
143 2103 306 2179 conderet,
334 2123 371 2168 nc
400 2123 455 2186 per
482 2105 602 2169 lurtum
626 2107 683 2167 aut
704 2102 772 2167 uim
796 2102 965 2179 amitteret,
990 2106 1084 2185 etque
1107 2102 1179 2167 inde
1201 2102 1295 2169 iuter-

142 2212 278 2293 rogatus
309 2209 497 2288 mentireris,
530 2229 632 2293 ueqna
666 2210 795 2275 obesses
825 2210 972 2293 cuiquam
1001 2215 1033 2274 et
1061 2210 1089 2275 ei
1116 2210 1294 2294 prodesses,

143 2315 198 2382 cui
226 2335 307 2399 opus
331 2320 399 2381 erat
420 2316 501 2381 illud
525 2316 697 2393 occultum,
721 2320 755 2380 et
775 2315 900 2382 nullum
924 2320 1088 2401 peccatum
1113 2316 1294 2383 mentiendo

142 2421 289 2487 texisses.
326 2440 387 2487 nou
415 2422 498 2488 euim
526 2423 695 2506 quisquam
723 2427 836 2505 peccet
858 2422 1077 2489 abscondendo
1100 2442 1168 2489 rem
1192 2442 1294 2499 suam,

142 2548 239 2611 quam
273 2530 366 2593 timet
392 2530 549 2595 amittere.
590 2530 648 2595 sed
675 2530 703 2595 si
730 2534 897 2613 propterea
924 2547 984 2597 non
1012 2549 1181 2614 peccamus
1209 2551 1294 2595 meu-

89 2656 120 2696 ao
141 2634 263 2714 tiendo,
292 2636 367 2718 quia
393 2636 513 2702 nullius
541 2640 708 2719 peccatum
735 2640 881 2720 tegentes
911 2640 943 2701 et
970 2637 1050 2702 nulli
1079 2638 1233 2703 obsumus
1262 2642 1295 2703 et

140 2739 240 2805 alicui
261 2761 442 2824 prosumus,
467 2742 542 2826 quid
566 2744 692 2827 agimus
716 2744 755 2807 de
778 2743 849 2825 ipso
874 2747 1004 2827 peccato
1028 2744 1204 2809 mendacii?
1237 2744 1293 2809 ubi

140 2848 226 2913 enim
259 2848 400 2930 positum
434 2854 497 2915 eet:
530 2868 575 2913 ne
608 2850 761 2914 furtum
794 2850 955 2918 feceris.
984 2850 1029 2915 ibi
1057 2850 1198 2934 positum
1229 2855 1291 2916 eet:

140 2972 188 3019 no
211 2954 361 3019 falsum
385 2956 669 3021 testimonium
694 2956 858 3023 dixeris.
883 2976 955 3021 oum
980 2976 1053 3041 ergo
1074 2957 1200 3041 singula
1223 2976 1292 3040 pro-

138 3059 320 3138 hibeantur,
348 3080 405 3127 cur
426 3062 544 3127 falsum
569 3063 789 3128 testimonium
812 3068 887 3127 tunc
912 3066 962 3127 est
985 3063 1153 3145 culpabile,
1178 3063 1206 3127 si
1229 3064 1292 3129 fur-

88 3188 117 3225 as
139 3170 212 3231 tum
237 3171 327 3251 tegat
348 3168 402 3233 uel
425 3168 554 3251 aliquod
578 3168 677 3235 alium
699 3174 882 3253 peccatum3
903 3170 930 3234 si
955 3174 1060 3235 autem
1081 3170 1168 3235 nulla
1186 3169 1290 3235 desen·

138 3274 230 3339 sione
253 3275 376 3357 peccati
399 3295 455 3358 per
477 3294 511 3340 se
534 3276 641 3359 ipsum
664 3276 730 3355 fiat,
754 3296 815 3341 nou
841 3282 891 3341 est
913 3276 1070 3359 culpabile
1095 3295 1166 3341 cum
1185 3278 1290 3362 ipsum

138 3380 262 3443 furtum
290 3399 346 3464 per
373 3400 408 3445 se
436 3381 595 3465 culpabile
624 3382 667 3447 sit
695 3386 726 3446 et
754 3387 857 3447 cetera
881 3386 1031 3467 peccata?
1069 3402 1107 3447 an
1132 3383 1292 3448 occultare

137 3488 307 3568 peccatum
330 3488 511 3554 mentiendo
535 3507 596 3554 uon
620 3488 706 3565 licet,
729 3488 832 3553 lacere
855 3488 952 3554 licet?

228 3660 263 3713 22
283 3660 330 3716 Ex.
349 3660 392 3722 20.
413 3662 455 3715 14.
478 3662 511 3715 16

177 3782 435 3853 ique-Sldquod
452 3783 481 3840 R
567 3786 614 3853 qui
633 3785 661 3841 R
751 3786 1053 3856 3interrcgatusll11l
1125 3788 1291 3845 4111111111

135 3870 318 3941 squaedam]
338 3872 446 3942 quidem
464 3872 599 3944 Reuss
656 3874 999 3947 9nonnulliMR1‘lrpbd
1037 3880 1066 3931 ll
1088 3876 1288 3952 iurl³furtump

140 3962 173 4013 15
196 3961 409 4016 ue-amittcret
431 3979 484 4016 om.
508 3961 561 4017 ΒΡ
666 3964 835 4017 ammitteret
859 3965 895 4019 Μ
984 3966 1017 4019 16
1043 3968 1144 4037 neque]
1172 3970 1290 4037 atquet

138 4048 171 4101 17
191 4049 312 4103 ocultum
330 4049 359 4105 R
432 4052 465 4105 18
484 4052 630 4120 11111113
725 4051 1000 4108 abscondendoreeR
1074 4056 1107 4109 19
1125 4072 1179 4109 non
1198 4072 1287 4128 camp

136 4138 173 4192 20
192 4136 296 4206 stylos]
316 4142 379 4209 utp
425 4140 460 4193 22
479 4140 575 4193 leceris
594 4139 725 4211 furtumr
780 4142 814 4195 23
834 4144 905 4212 cum]
926 4158 973 4196 cur
991 4142 1027 4195 Μ
1075 4145 1109 4198 24
1129 4148 1172 4199 est
1189 4150 1255 4201 tuuc
1273 4166 1288 4217 γ

134 4225 171 4279 28
189 4224 347 4279 mentiendo
366 4242 416 4284 om.
436 4227 592 4299 Mthpbd,
610 4228 663 4286 dcl.
682 4230 714 4283 in
731 4230 762 4283 Id
840 4233 869 4284 et
886 4230 975 4285 facero
994 4236 1135 4302 peccatum
1154 4233 1242 4301 Mam
1261 4238 1289 4288 et

136 4313 241 4369 faceret
259 4318 400 4385 peccatum
419 4314 447 4370 R
