3109 4959
297 455 362 519 203
648 452 673 507 S.
702 450 841 505 Aureli
868 449 1087 519 Augustini

296 645 392 709 etiam
417 664 490 710 cum
514 644 630 731 gaudio
659 648 868 726 suscepturos
895 644 1007 724 luisse,
1032 642 1086 727 qui
1114 644 1283 728 diligenter
1305 644 1450 709 intentus

294 750 384 836 legit,
413 751 571 834 quomodo
601 752 790 835 coningibus
819 752 1000 829 utebantur,
1029 770 1103 817 cum
1130 756 1163 816 et
1194 752 1302 835 plures
1331 751 1450 816 hebere

294 858 351 922 uni
374 858 443 925 uiro
466 858 594 937 licebat,
619 877 696 941 quas
722 858 843 923 castius
867 859 1007 923 habebut
1030 876 1125 941 quum
1149 876 1232 924 nunc
1255 877 1354 922 unum
1379 860 1449 940 qui-

294 965 373 1030 libet
400 966 546 1041 istorum,
575 965 692 1048 quibus
720 966 869 1031 uidemus
898 965 976 1049 quid
1004 965 1182 1030 secuudum
1212 964 1340 1029 ueniam
1374 983 1450 1029 con-

294 1072 387 1137 cedut
410 1072 586 1154 apostolus.
611 1072 770 1137 habebant
793 1071 877 1135 euim
901 1090 954 1136 ees
982 1072 1014 1135 in
1043 1063 1136 1154 opere
1163 1070 1345 1155 generandi,
1371 1089 1448 1136 non
1482 1100 1496 1138 s

293 1178 330 1243 in
363 1180 501 1244 morbo
541 1178 742 1244 desiderii
781 1178 890 1243 sicut
926 1182 1080 1261 gentes,
1114 1196 1215 1260 quae
1253 1177 1451 1261 ignorant

293 1286 418 1351 deum.
454 1285 538 1369 quod
570 1288 636 1351 tum
667 1303 819 1369 magnum
847 1288 907 1363 est,
935 1288 973 1349 ut
999 1284 1094 1349 multi
1126 1284 1220 1350 hodie
1252 1283 1383 1348 facilius
1411 1303 1450 1349 se

273 1392 361 1458 'tota
383 1392 451 1457 uita
475 1392 513 1457 ab
539 1391 624 1470 omni
648 1392 820 1457 concubitu
843 1392 1023 1457 obstineant
1046 1410 1141 1474 quum
1165 1390 1296 1456 modum
1316 1393 1450 1455 teneant

293 1517 354 1565 uon
393 1498 526 1565 coeundi
564 1499 626 1565 nisi
667 1500 765 1581 prolis
804 1517 910 1574 cause,
945 1500 972 1563 si
1009 1498 1212 1563 matrimonio
1245 1497 1449 1579 copulentur.

292 1625 405 1689 nempe
428 1606 548 1671 multos
571 1606 725 1670 hebemus
753 1606 867 1670 fratros
892 1608 923 1669 et
947 1605 1051 1670 socios
1080 1604 1228 1670 caelestis
1256 1602 1447 1667 hereditatis
1468 1632 1494 1670 lo

292 1715 459 1795 utriusque
492 1732 585 1779 sexus
619 1714 827 1789 continentes,
861 1713 930 1777 siue
963 1716 1106 1794 expertos
1140 1712 1268 1794 nuptias
1302 1712 1373 1775 siue
1405 1710 1447 1772 ab

293 1822 379 1887 omni
410 1822 469 1887 teli
502 1821 712 1887 conmixtione
744 1821 901 1903 integros;
934 1838 1047 1902 nempe
1079 1816 1326 1882 innumerabiles
1359 1822 1447 1881 suut

292 1948 387 2011 quem
403 1928 530 1993 tandem
545 1927 728 1992 audiuimus
747 1926 830 1990 inter
846 1925 1016 1991 familiaria
1033 1925 1212 2007 conloquia,
1232 1925 1303 1989 siue
1324 1942 1446 1999 eorum,

292 2036 346 2118 qui
377 2035 539 2119 coniugati
567 2037 650 2112 sunt,
680 2033 749 2098 siue
777 2033 833 2116 qui
859 2032 997 2108 fuerunt,
1021 2031 1214 2097 indicantem
1238 2030 1330 2097 uobis
1354 2049 1445 2095 num·

292 2160 387 2223 quem
416 2160 449 2206 se
479 2139 608 2225 coniugi
636 2158 707 2204 esse
736 2138 929 2204 conmixtum
958 2138 1019 2203 nisi
1048 2136 1202 2220 sperando
1230 2138 1446 2219 conceptum?
1464 2162 1489 2202 n

292 2248 378 2330 quod
401 2266 474 2331 ergo
498 2246 699 2330 praecipiunt
722 2245 901 2330 coniugatis
925 2244 1073 2329 apostoli,
1097 2244 1157 2309 hoo
1176 2247 1227 2308 est
1244 2244 1446 2326 nuptiamm;

292 2354 377 2436 quod
401 2358 506 2419 autem
535 2352 703 2417 uenieliter
731 2351 911 2419 concedunt
938 2354 994 2416 aut
1016 2350 1100 2433 quod
1128 2349 1251 2433 inpedit
1274 2350 1446 2420 orationes,

293 2480 352 2525 non
378 2465 497 2545 coguut
519 2460 657 2542 nuptiae,
683 2458 738 2523 sed
762 2459 878 2523 ferunt.

337 2564 440 2630 XHlI.
468 2564 518 2633 16.
542 2566 655 2646 Itaque
678 2564 705 2629 si
728 2565 810 2629 forte
828 2561 976 2645 -quod
996 2566 1105 2627 utrum
1123 2561 1191 2627 lieri
1210 2562 1316 2645 possit
1333 2562 1445 2646 ignoro

292 2672 459 2756 magisque
483 2671 552 2735 fieri
575 2689 636 2735 non
664 2689 759 2753 posse
789 2670 934 2734 existimo
958 2704 1002 2715 -
1026 2668 1083 2733 sed
1105 2673 1221 2744 tumen,
1247 2669 1276 2733 si
1298 2668 1382 2734 felte
1405 2669 1445 2732 ud
1462 2692 1487 2732 eo

293 2782 419 2861 tempus
444 2778 586 2843 adhibite
613 2777 789 2842 concubine
815 2776 900 2841 filios
924 2778 1010 2841 solos
1034 2796 1070 2840 ex
1094 2775 1203 2840 eadem
1232 2775 1444 2840 conmixtione

293 2884 497 2967 quaesiuerit,
525 2902 584 2949 nec
613 2884 659 2949 sic
686 2884 749 2949 ista
777 2884 958 2948 coniunctio
986 2883 1039 2947 uel
1066 2902 1174 2947 earum
1203 2882 1325 2965 nuptiis
1358 2902 1444 2965 pree·

293 2990 437 3089 ponendo
469 2994 528 3067 est,
562 3009 640 3072 queo
673 2991 799 3055 ueniale
826 2990 912 3054 -illuo
950 2994 1126 3086 opemntur.
1165 2988 1242 3072 quid
1279 2989 1363 3053 euim
1402 2988 1446 3051 eit

383 3234 453 3288 ici.
473 3233 487 3286 Ι
507 3231 566 3287 (lor.
587 3234 611 3295 7,
631 3234 647 3287 6
701 3236 717 3287 5
738 3232 772 3287 cf.
792 3232 806 3285 Ι
825 3232 919 3289 These.
938 3236 965 3297 4,
984 3236 1000 3287 5

332 3378 344 3431 1
366 3376 513 3445 diligenter
535 3374 674 3444 intellegit
697 3375 820 3428 intentus
837 3374 871 3427 K
993 3374 1111 3436 intentus
1135 3376 1232 3441 (snpra
1252 3391 1264 3436 s
1284 3372 1351 3428 odel.
1369 3378 1399 3439 n)
1418 3374 1448 3426 P

295 3468 312 3519 2
331 3466 379 3519 uni
397 3465 455 3518 uiro
474 3458 574 3518 liubere
593 3462 736 3519 KMEXn
753 3464 802 3517 uni
819 3465 880 3517 uiro
898 3463 1001 3517 nubere
1019 3461 1053 3516 N
1103 3462 1120 3515 3
1139 3461 1250 3531 cestius]
1270 3462 1371 3516 iustius
1391 3462 1443 3527 (ius

294 3571 314 3609 s.
335 3555 353 3611 l.
371 3572 406 3609 m.
425 3556 455 3619 2)
475 3554 502 3605 A
582 3551 721 3606 hebebant
739 3552 767 3605 Β
856 3551 1018 3606 looncedit
1037 3551 1125 3605 ENX
1214 3551 1279 3604 6et
1297 3554 1396 3621 gentes
1413 3549 1446 3603 K

295 3644 372 3713 lut]
392 3645 420 3695 et
437 3641 474 3694 B¹
548 3656 577 3693 se
596 3639 703 3694 lucilius
723 3641 783 3693 EX
870 3640 959 3708 equs
978 3640 1011 3693 ed
1030 3638 1114 3693 modu
1133 3657 1150 3690 α
1227 3641 1397 3705 teneoneant
1414 3638 1446 3690 K

294 3730 452 3786 tlcoeundo
470 3729 577 3785 ΕΝΧα
685 3729 846 3800 copulentur
863 3729 891 3783 P
980 3728 1224 3783 10nn1cusKv
1292 3729 1379 3783 sotios
1396 3726 1443 3798 Κγ

296 3820 403 3878 celestis
424 3819 451 3872 P
517 3820 548 3873 ll
570 3820 693 3888 expertus
712 3816 825 3873 ΜΒΧα
843 3822 964 3888 expertes
982 3817 1017 3871 N
1081 3819 1113 3872 13
1133 3834 1212 3887 quem
1230 3817 1354 3887 tundent]
1374 3834 1444 3887 quae

295 3908 406 3965 tandem
426 3907 448 3961 0
466 3907 569 3976 quosdi
588 3908 615 3959 Β
690 3908 722 3961 14
741 3906 810 3977 siue]
829 3907 888 3960 siue
908 3923 998 3960 eorum
1018 3906 1051 3959 N
1140 3906 1187 3974 qui
1205 3921 1257 3961 oon.
1278 3924 1296 3957 α
1371 3905 1442 3959 indi-

296 4001 388 4052 centes
407 3996 434 4049 B
452 3995 591 4050 indicante
611 4016 629 4049 α
707 3997 739 4050 15
760 3995 920 4064 coniugibus
939 3995 966 4047 Β
1057 3994 1215 4048 commixtos
1232 3994 1262 4047 Β
1345 3995 1377 4048 17
1395 4010 1442 4047 ue·

296 4086 436 4139 niabiliter
453 4084 684 4139 KADMENXu
739 4086 771 4139 19
792 4084 863 4154 quod
883 4101 934 4137 om.
953 4084 981 4136 B
1055 4088 1204 4152 utrumque
1221 4082 1281 4137 Ex
1353 4087 1443 4136 utrum

296 4175 402 4228 —iorte
421 4175 453 4227 e'n
470 4190 521 4243 περ.
541 4192 574 4228 m.
595 4178 609 4227 1
627 4174 655 4227 Β
713 4174 748 4227 20
767 4174 854 4242 magis
874 4172 987 4241 quan
1045 4173 1078 4226 21
1098 4171 1226 4226 adhibuit
1244 4189 1260 4225 u
1279 4172 1394 4227 conubio
1413 4171 1444 4225 D

296 4262 445 4319 concubino
464 4280 497 4316 ece
516 4262 631 4317 conubia
649 4263 676 4315 A
790 4263 977 4316 commistione
997 4266 1096 4333 (eupra
1114 4266 1142 4316 st
1159 4260 1226 4318 add.
1245 4266 1271 4327 ι)
1290 4262 1327 4325 A,
1345 4278 1397 4316 om.
1416 4260 1447 4314 E

296 4354 330 4408 23
349 4349 468 4407 ueniant
486 4354 514 4407 A
