3109 4959
461 434 503 488 de
532 450 647 504 opere
675 435 946 490 monachorum
1211 441 1277 504 589

127 630 182 714 qui
211 629 299 694 dedit
321 628 405 713 quod
427 627 660 714 inspiciendum
684 629 753 695 eius
777 630 880 695 oculis
904 629 1083 696 offeramus.
1115 635 1276 714 postremo

125 737 212 821 quod
236 737 337 802 uultis
361 736 477 802 sentite
496 736 535 802 de
554 735 663 801 nobis:
687 735 807 802 Paulus
827 739 991 820 apostolus
1011 737 1104 804 nobis
1123 739 1278 822 praecipit

126 847 160 908 et
191 844 337 909 obsecrat
368 844 400 908 in
434 843 572 919 domino,
605 845 646 907 ut
679 861 760 907 curn
790 843 958 921 cilentio,
990 844 1024 908 id
1048 847 1098 910 est
1121 845 1221 928 quieti
1245 849 1277 910 et

126 950 330 1016 oboedienter
353 950 499 1026 ordinati,
525 953 724 1032 operantes
748 954 891 1016 uestrum
914 970 1043 1035 panem
1066 951 1275 1016 manducetis.

92 1075 184 1122 onec
208 1056 246 1122 de
269 1057 336 1134 illo,
359 1060 398 1122 nt
420 1057 564 1132 arbitror,
584 1055 704 1137 aliquid
728 1056 805 1120 moli
829 1056 959 1122 creditis
983 1061 1017 1123 et
1038 1057 1070 1122 in
1093 1058 1196 1135 illum,
1220 1059 1275 1140 qni

125 1183 182 1247 per
204 1182 277 1228 eum
300 1162 452 1246 loquitur,
476 1163 667 1228 credidistis.

169 1269 270 1334 XXX.
295 1271 348 1334 38.
381 1269 479 1344 Haec,
503 1269 548 1332 mi
577 1269 739 1334 carissime
764 1273 797 1334 et
817 1269 851 1334 in
876 1269 996 1336 Christi
1020 1269 1199 1334 uisceribus
1221 1289 1277 1334 ue-

125 1375 261 1440 nerande
289 1376 386 1440 irater
411 1374 531 1454 Aureli,
560 1378 715 1458 qnantum
742 1375 875 1440 donauit
900 1379 938 1440 ut
966 1395 1106 1460 possem,
1133 1376 1188 1458 qui
1220 1395 1277 1460 per

124 1485 157 1546 te
185 1481 267 1546 mihi
295 1481 393 1546 iussit
416 1483 452 1546 ut
475 1481 623 1558 facerem,
648 1480 687 1545 de
710 1500 804 1564 opere
827 1481 1054 1548 monachorum
1078 1501 1139 1548 uon
1164 1481 1277 1547 distuli

77 1611 106 1650 ro
126 1589 274 1666 scribere,
294 1588 429 1654 manime
453 1607 576 1664 curans,
596 1605 635 1652 ne
658 1587 733 1654 boni
755 1588 869 1653 iratres
892 1589 1079 1670 apostolicis
1097 1589 1275 1672 praeceptis

126 1693 331 1760 oboedientes
360 1712 379 1757 a
406 1694 507 1776 pigris
531 1697 564 1758 et
585 1692 863 1759 inoboedientibus
887 1696 984 1760 etiam
1007 1696 1274 1778 praeuaricatores

127 1801 284 1884 euangelii
313 1800 505 1866 dicerentur:
538 1804 576 1864 ut
603 1800 658 1884 qui
686 1820 746 1866 uon
775 1805 957 1885 operantur,
980 1803 1095 1868 saltem
1121 1802 1196 1868 illos
1220 1803 1275 1884 qui

126 1909 298 1989 operentur
321 1907 383 1972 sibi
407 1906 642 1990 anteponendos
667 1926 823 1972 essenon
847 1907 1004 1974 dubitent.
1033 1913 1173 1974 ceterum
1202 1908 1274 1990 quis

125 2014 210 2079 ferat
236 2013 379 2079 homines
408 2017 612 2080 contumaces
640 2013 858 2078 saluberrimis
882 2015 1020 2097 aspostoli
1042 2015 1173 2080 monitis
1196 2015 1273 2080 resi-

78 2123 260 2198 scatentes,
292 2139 354 2186 non
386 2121 471 2186 sicut
501 2119 689 2186 infirmiores
719 2121 859 2198 tolerari,
891 2122 949 2187 sed
980 2123 1065 2187 sicut
1101 2122 1273 2188 sanctiores

126 2227 223 2291 etiem
251 2226 436 2308 praedicari,
460 2233 498 2291 ut
524 2227 717 2292 monasteria
746 2227 889 2292 debuine
911 2229 1035 2292 seniore
1062 2228 1194 2293 fundata
1221 2247 1273 2311 ge-

119 2333 214 2396 mina
239 2333 398 2398 inlecebra
426 2336 676 2414 corrumpentur,
701 2337 734 2397 et
756 2333 916 2399 dissoluta
940 2334 1070 2399 licentis
1095 2334 1273 2400 uacationis

126 2442 159 2503 et
187 2438 268 2504 falso
296 2440 422 2504 nomine
451 2439 653 2505 sanctitutis?
691 2439 796 2505 sciant
818 2460 893 2524 ergo
918 2440 1014 2506 etiam
1037 2441 1133 2506 ceteri
1159 2442 1272 2506 fratres

126 2549 161 2609 et
191 2545 249 2610 filii
281 2547 391 2625 nostri,
425 2547 479 2630 qui
508 2546 615 2612 fauere
643 2547 762 2612 talibus
793 2550 825 2612 et
852 2548 949 2614 buius
976 2547 1063 2614 modi
1089 2567 1272 2631 praesump-

77 2679 106 2718 ιο
126 2651 246 2718 tionem
269 2673 327 2736 per
348 2653 558 2737 ignorantiam
583 2653 751 2718 defendere
775 2657 977 2728 consuerunt,
1005 2673 1040 2720 se
1066 2655 1272 2737 potissimum

125 2758 339 2842 corrigendos,
363 2762 401 2824 ut
427 2759 475 2824 illi
504 2759 619 2842 corrigi
647 2759 783 2842 possint,
807 2778 868 2826 non
895 2763 933 2824 ut
960 2760 1157 2826 infirmentur
1179 2762 1272 2826 bene·

124 2864 236 2930 facere.
273 2885 347 2930 sane
376 2865 408 2930 in
438 2885 485 2939 eo,
511 2865 597 2949 quod
625 2865 727 2930 seruis
756 2866 807 2930 dei
834 2871 981 2948 prompte
1003 2870 1099 2949 atque
1126 2867 1273 2931 alacriter

124 2972 302 3036 necessarie
332 2972 585 3048 subministrant,
614 2989 676 3036 non
705 2972 809 3036 solnm
837 2991 899 3036 non
922 2972 1192 3054 reprehendimus,
1216 2974 1272 3038 sed

125 3076 223 3140 etiam
251 3079 443 3144 saeuissime
471 3078 702 3161 amplectimur,
736 3078 793 3143 sed
821 3097 861 3143 ne
884 3097 1034 3162 peruerse
1056 3078 1273 3142 misericordia

75 3211 104 3254 se
125 3185 228 3269 magis
252 3205 359 3250 eorum
379 3185 505 3251 futurae
524 3187 610 3251 uitae
629 3188 763 3250 noceant
782 3205 878 3268 quam
895 3185 1054 3267 praesenti
1072 3184 1272 3250 subueniant.

215 3410 231 3464 3
251 3409 284 3464 cl.
303 3409 330 3464 II
349 3409 442 3464 Thess.
462 3411 487 3478 3,
509 3411 541 3464 12

162 3534 284 3605 ldedit]
310 3535 357 3590 det
381 3536 410 3601 (d
433 3553 454 3592 s.
480 3535 496 3589 l.
523 3539 553 3601 2)
572 3535 631 3606 Pp
655 3534 732 3589 uidet
755 3534 794 3588 M
899 3533 981 3606 qnod]
1005 3533 1073 3604 qnid
1096 3537 1125 3588 et
1147 3533 1219 3603 qnod
1238 3533 1275 3588 M

122 3623 346 3693 aspiciendum?
400 3625 575 3694 iprsecepit
592 3623 820 3694 P0¹AMNC2ss
878 3625 1006 3694 dquiete
1024 3623 1054 3678 D
1107 3622 1272 3677 dobedien·

123 3717 169 3766 ter
189 3713 388 3768 Oobedientes
402 3713 454 3768 LO
508 3713 627 3768 ordinati
646 3711 729 3778 emt
766 3713 850 3782 imi]
869 3713 936 3766 mihi
953 3712 1013 3784 Psfl
1049 3700 1130 3768 deo-e
1146 3701 1270 3776 (seseli)

120 3802 209 3856 freter
225 3802 360 3872 PBDMp
448 3804 481 3858 10
499 3802 623 3873 menime]
642 3801 670 3856 id
688 3803 803 3856 maxime
821 3801 1078 3870 PLABDMprd
1147 3801 1177 3854 in
1194 3801 1273 3854 bouis

122 3890 257 3960 fratres?
306 3895 335 3946 ll
357 3890 562 3946 obedientesG
632 3889 880 3960 inoboedientibus]
900 3889 1008 3943 stolidis
1026 3893 1053 3944 A
1101 3890 1133 3943 12
1151 3889 1272 3960 saltim-s

123 3985 157 4037 15
177 3981 337 4035 tolerarent
408 3979 644 4050 red-praedicuri
664 3979 747 4048 camd
820 3980 902 4033 etiam
921 3980 1070 4033 sanctiores
1085 3978 1122 4032 bd
1173 3980 1204 4032 17
1224 3995 1272 4032 ns·

122 4071 240 4124 cationis
261 4075 307 4128 (na
324 4086 358 4124 ea·
375 4072 421 4134 no)
440 4069 474 4123 N
545 4071 577 4123 18
597 4071 679 4123 etiarn
698 4067 786 4136 omss
853 4068 889 4122 20
908 4084 956 4137 per
973 4067 1155 4136 ignorantiam
1174 4083 1226 4122 osu.
1245 4069 1272 4122 A

121 4162 356 4228 consueuerant-p
410 4160 445 4213 22
464 4160 541 4227 sane]
560 4175 594 4212 un
616 4156 763 4224 CLOFAs
782 4163 818 4212 nu
835 4155 909 4210 ΡΝ
924 4173 955 4210 ac
973 4157 1000 4210 B
1062 4158 1097 4210 24
1115 4156 1272 4226 amplcxcti·

120 4263 184 4302 mur
201 4247 227 4300 L
317 4248 405 4317 magis
425 4263 516 4302 eorum
535 4247 722 4300 misericordie
739 4245 847 4318 PDMT
932 4247 966 4300 25
984 4248 1082 4299 noceat
1099 4245 1130 4298 D
1209 4243 1272 4298 sub-

121 4336 218 4390 ueniet
235 4335 265 4390 D
