3109 4959
565 463 606 518 de
634 463 836 518 mendacio
1209 467 1273 533 421

123 659 208 725 unde
241 679 294 725 ore
327 677 385 724 suo
418 658 488 742 ipse
521 658 679 736 dominus,
714 659 778 733 sit,
812 658 927 741 iuquit,
955 659 994 724 in
1022 664 1274 726 oreuest1·o:

121 769 283 846 estest,
307 783 496 840 nonnon;
522 764 626 848 quod
650 769 783 830 autem
808 765 986 849 amplius
1014 769 1087 843 est,
1121 787 1140 832 a
1170 766 1274 833 malo

121 877 196 938 est.
243 873 317 937 hinc
350 876 383 938 at
414 872 590 954 apostolus,
624 891 697 936 cum
730 872 908 937 exuendum
940 876 1083 938 ueterem
1114 873 1273 938 hominem

120 981 328 1063 praeciperet,
368 997 431 1062 quo
468 978 595 1043 nomine
628 979 733 1042 omnia
764 983 898 1061 peccata
927 979 1168 1064 intelleguntur,
1202 999 1274 1046 oon·

88 1112 100 1148 a
121 1089 293 1169 sequenter
320 1085 365 1150 ait
392 1083 558 1167 inprimis
582 1103 718 1166 ponens:
749 1089 1000 1168 quapropter
1023 1086 1273 1170 deponentes

120 1192 381 1258 mendacium
403 1191 624 1273 loquimini
648 1191 879 1256 ueritatem.

168 1301 198 1364 7.
222 1299 289 1364 Nec
313 1299 389 1374 illis,
415 1317 495 1380 quae
515 1298 553 1363 do
572 1297 735 1362 ueteribus
758 1298 848 1363 libris
872 1297 1108 1364 mendaciorum
1131 1300 1275 1383 exempla

119 1407 246 1490 prolata
283 1411 366 1482 sunt,
403 1405 512 1469 terreri
547 1423 580 1468 se
614 1403 738 1470 dicunt:
777 1405 834 1470 ubi
867 1405 1022 1489 quidquid
1054 1409 1181 1491 gestum
1214 1411 1273 1482 ost,

119 1513 257 1598 figurate
294 1511 395 1594 accipi
427 1513 544 1594 potest,
578 1511 725 1594 quamuis
757 1530 869 1576 reuera
901 1511 1082 1598 contigerit
1120 1511 1274 1596 quidquid

73 1647 98 1684 m
120 1625 230 1686 autern
263 1619 396 1704 figurate
429 1619 465 1684 fit
497 1621 554 1684 aut
585 1618 712 1696 dicitnr,
747 1637 809 1683 non
842 1623 892 1684 est
918 1620 1132 1685 mendacium.
1173 1619 1274 1685 omnis

120 1727 207 1792 enim
239 1727 401 1792 enuntatio
434 1725 474 1791 ad
505 1726 549 1804 id,
583 1725 666 1808 quod
700 1724 854 1804 enuntiat,
886 1726 1050 1791 referenda
1079 1731 1138 1792 est.
1180 1745 1274 1792 omne

119 1838 230 1898 autem
263 1830 397 1916 figurate
430 1833 486 1896 aut
517 1831 638 1896 iactum
671 1835 728 1896 aut
759 1831 881 1897 dictum
912 1832 973 1898 hoc
1005 1835 1158 1912 enuntiat,
1187 1827 1273 1916 quod

121 1937 283 2023 significat
301 1939 358 2015 eis,
378 1937 495 2021 quibus
514 1937 762 2021 intellegendum
782 1939 942 2020 prolatum
962 1943 1020 2004 ost.
1044 1939 1128 2005 unde
1147 1940 1273 2005 orodon-

119 2045 198 2110 dum
236 2049 287 2109 est
321 2044 394 2109 illos
432 2043 588 2122 homines,
626 2044 679 2126 qui
718 2044 913 2128 propheticis
948 2045 1147 2128 temporibus
1184 2046 1272 2130 digni

72 2177 97 2217 ιο
120 2151 313 2216 auctoritato
339 2150 441 2216 fuisse
470 2153 768 2228 commemorantur,
797 2151 913 2229 omnia,
941 2171 1024 2235 quaa
1051 2152 1171 2235 scripta
1197 2156 1274 2217 sunt

120 2259 160 2322 de
174 2257 250 2334 illis,
265 2257 449 2340 prophetice
468 2256 606 2343 gessisse
622 2259 716 2340 atque
736 2256 868 2334 uixisse
888 2275 946 2322 noc
964 2256 1069 2322 minus
1089 2258 1272 2342 prophetice

121 2365 169 2430 eis
193 2363 359 2441 occidione,
383 2381 603 2446 quaecumque
623 2364 669 2429 sic
688 2363 881 2441 acciderunt,
900 2367 939 2428 ut
956 2363 1067 2430 eodem
1084 2364 1270 2448 prophetico

121 2469 238 2554 spiritu
262 2471 431 2535 memoriae
453 2470 634 2552 litterisque
656 2470 834 2535 mandanda
854 2470 1079 2539 indicarentur.
1104 2469 1143 2537 de
1166 2473 1272 2538 obste-

116 2577 256 2642 tricibus
281 2579 397 2654 autem,
422 2577 579 2659 quianon
603 2597 656 2642 eas
679 2580 816 2659 possunt
833 2577 937 2642 dicere
953 2578 1137 2662 prophetico
1156 2580 1271 2663 spiritu

67 2710 95 2748 ao
117 2682 321 2769 significandi
348 2683 449 2748 futuri
476 2683 545 2748 ueri
569 2683 671 2767 gratia
694 2683 782 2749 aliud
804 2701 860 2766 pro
884 2684 947 2748 alio
970 2683 1168 2750 renuntiasse
1191 2685 1271 2750 Pha·

116 2789 218 2866 raoni,
247 2789 373 2854 etiamsi
401 2789 522 2872 aliquid
544 2789 624 2872 ipsis
655 2789 872 2855 nescientibus
901 2789 985 2873 quod
1008 2809 1064 2873 por
1087 2809 1140 2855 eas
1162 2795 1269 2857 actum

116 2901 169 2962 est
185 2895 389 2980 significauit,
403 2914 460 2979 pro
475 2896 573 2980 gradu
589 2915 647 2962 suo
669 2896 779 2962 dicunt
797 2896 987 2981 adprobatus
1006 2901 1039 2962 et
1055 2902 1270 2963 remuneratas

115 3025 135 3069 a
163 3003 235 3069 deo.
274 3003 329 3084 qni
356 3002 439 3066 enim
468 3001 601 3068 nocendi
629 3021 725 3068 causa
751 3002 879 3068 mentiri
904 3003 996 3080 solet,
1020 3003 1048 3067 si
1069 3005 1132 3068 iam
1157 3023 1269 3070 consu·

113 3109 203 3174 leudi
232 3127 329 3174 causa
355 3109 538 3186 mentiatur,
565 3110 704 3174 multum
727 3109 872 3193 proiecit.
911 3108 969 3174 sed
991 3108 1077 3173 aliud
1100 3111 1160 3189 est,
1184 3109 1270 3192 quod

212 3387 343 3444 ruauh.
364 3390 390 3456 5,
409 3389 442 3444 ss
499 3389 603 3458 supa.
623 3390 650 3455 4,
668 3388 703 3444 25

151 3567 165 3620 1
187 3565 237 3634 sit]
257 3564 297 3618 ait
315 3565 352 3618 sit
371 3568 417 3630 (m.
437 3565 474 3620 ol.
495 3561 573 3633 adu.)
593 3563 616 3618 S
721 3565 749 3618 in
769 3580 814 3618 ore
834 3567 925 3618 nestro
945 3565 983 3618 sit
1000 3564 1031 3618 F
1112 3563 1208 3635 inquid
1229 3565 1266 3635 Op

112 3657 209 3708 antem
228 3653 266 3708 ΕΙ
285 3653 375 3722 inquit
393 3651 433 3706 Ε)
451 3669 503 3708 om.
523 3652 575 3707 SF
688 3654 716 3706 in
736 3669 782 3706 ore
801 3654 905 3722 uestro]
926 3669 1013 3707 sermo
1032 3656 1123 3707 uester
1140 3672 1156 3722 γ
1175 3654 1203 3706 in
1222 3669 1267 3707 ore

110 3761 163 3809 app
183 3739 315 3808 uestros
351 3741 618 3797 2alt.cstom.1i
662 3743 727 3796 3et
745 3757 797 3796 om.
816 3741 855 3795 E*
911 3741 1075 3795 exsuendmu
1092 3741 1129 3795 M
1168 3743 1267 3812 4peo·

110 3828 256 3883 cata-sit
271 3828 402 3897 suppleta
419 3829 450 3882 in
468 3827 526 3882 imo
539 3845 606 3898 pop.
626 3846 643 3900 φ
753 3829 768 3882 7
790 3829 836 3898 qui
854 3827 885 3882 F
989 3829 1006 3882 8
1026 3828 1156 3898 quicquid
1174 3827 1266 3898 Mfflp

110 3917 282 3988 9qnioqnid
300 3916 356 3988 Spp
423 3917 456 3972 10
475 3933 567 3972 omnes
586 3917 622 3972 Μ
686 3919 719 3972 13
739 3917 810 3971 unde
830 3921 858 3971 et
875 3917 906 3971 F
959 3921 992 3973 15
1012 3921 1213 3972 commorantur
1229 3915 1267 3970 M

111 4009 147 4062 16
166 4006 368 4078 prophetissep
440 4006 529 4075 egisse
543 4004 631 4077 E²flp²
703 4005 1016 4076 gessisse-prophetice
1034 4021 1086 4059 om.
1101 4005 1130 4076 γ’
1201 4021 1265 4076 pro·

110 4096 268 4167 phetisset
338 4095 370 4148 17
390 4096 421 4148 ut
441 4093 534 4161 epulam
552 4094 585 4164 (a.
605 4114 620 4160 p
639 4111 690 4149 scr.
710 4098 736 4160 a)
762 4093 852 4148 danda
870 4094 1055 4149 iudicarentur
1072 4095 1201 4166 memorie
1218 4095 1266 4148 lit-

107 4185 235 4254 terisque
253 4181 408 4238 mandanda
426 4181 611 4237 iudicarentur
630 4202 646 4252 φ
727 4183 759 4237 18
778 4183 1059 4254 memoriae-spiritu
1078 4184 1110 4237 in
1127 4201 1178 4252 ηις.
1197 4200 1232 4240 m.
1252 4188 1267 4235 1

110 4271 215 4338 cdd}
269 4269 472 4340 sopharahoni
493 4269 717 4334 (halt.m.1c.
738 4270 810 4338 ωδ
876 4271 910 4324 22
931 4273 974 4324 est
991 4276 1075 4338 οοι,β
1138 4272 1173 4326 24
1190 4287 1265 4325 men·

109 4362 183 4415 titur
202 4359 254 4428 Mp
328 4359 437 4428 proficit
455 4357 589 4428 ΜΕΝβ
608 4359 720 4428 proficit
740 4362 810 4424 (unu
831 4360 881 4414 litt.
902 4364 996 4424 enon.)
1016 4359 1044 4415 R
