3109 4959
455 443 496 498 de
525 443 770 498 adulterinis
800 445 1003 514 coniugiis
1237 448 1303 512 379

152 639 417 718 matrimonii,
446 643 542 722 atque
570 637 603 702 id
632 657 702 703 esse
731 639 818 704 dicat
849 642 1106 723 prostituere
1139 641 1303 726 gentili·

151 745 227 810 bus
252 747 426 812 membre
450 745 616 814 Christi.
651 744 707 810 sed
732 746 868 829 quiade
893 746 954 825 his,
979 748 1034 830 qni
1056 748 1120 812 iam
1144 747 1304 813 coniuncti

152 856 240 930 sunt,
270 853 331 917 alia
359 853 501 936 quaestio
531 856 590 932 est,
619 852 766 916 audiatur
794 855 827 917 et
853 852 905 917 hie
929 855 1093 936 apostolus
1117 855 1239 918 dicens:
1269 854 1303 918 si

153 959 247 1042 quis
282 960 410 1024 frater
442 959 563 1024 habet
595 977 757 1025 uxorem
786 959 999 1025 infidelem
1028 966 1066 1024 et
1094 960 1189 1025 baec
1219 979 1304 1024 con·

122 1066 287 1130 ssentit
308 1065 494 1131 habitare
519 1085 605 1130 cunr
628 1066 713 1142 ille,
738 1085 813 1131 non
837 1066 1025 1132 dimittat
1047 1067 1180 1142 illam;
1205 1070 1244 1130 et
1268 1067 1303 1131 si

152 1191 231 1254 qna
254 1172 400 1238 mulier
423 1172 546 1238 habet
569 1173 700 1237 uirum
719 1172 931 1238 infidelem
951 1176 991 1238 et
1008 1173 1073 1238 hio
1092 1174 1305 1239 consentit

152 1278 342 1342 habitare
371 1280 567 1356 comilis,
592 1297 665 1344 non
692 1278 880 1344 dimittat
902 1281 1045 1357 uirum,
1071 1283 1103 1345 et
1126 1279 1173 1343 sic
1196 1279 1303 1344 audia-

151 1388 216 1462 tur,
241 1388 287 1460 ut,
308 1386 454 1466 quamuis
478 1383 545 1449 fieri
567 1385 694 1450 licitum
717 1385 770 1462 sit,
790 1385 865 1468 quia
887 1386 948 1450 hoo
968 1404 1029 1450 non
1049 1386 1128 1450 dicit
1145 1369 1304 1460 dominus,

151 1510 215 1557 non
243 1493 349 1555 tamen
380 1491 445 1569 fiat,
471 1492 545 1574 quie
571 1511 631 1556 non
661 1491 796 1574 expedit.
820 1511 880 1557 oon
910 1493 993 1556 enirn
1021 1492 1127 1557 omnia
1149 1492 1303 1573 expedire,

102 1616 234 1680 requae
255 1597 345 1662 licita
367 1600 453 1674 sunt,
477 1599 677 1682 apertissime
700 1599 796 1664 docet
818 1599 994 1681 apostolos,
1014 1599 1100 1663 sicut
1123 1617 1219 1680 supra
1240 1598 1303 1662 iarn

150 1703 362 1771 ostendimus.
386 1707 515 1788 propter
538 1705 704 1786 quodlibet
727 1708 833 1769 tamen
858 1704 1074 1769 luminationis
1098 1723 1210 1788 genus,
1235 1705 1304 1771 sinc

151 1811 257 1876 carnis
285 1811 354 1876 siue
383 1811 525 1895 spiritns,
549 1811 604 1876 ubi
633 1815 666 1875 et
687 1809 860 1876 infidelitas
884 1811 1092 1896 intellegitur,
1117 1813 1150 1874 et
1172 1811 1304 1876 dimisso

149 1919 222 1983 niro
247 1937 307 1984 non
330 1919 407 1982 lieet
430 1918 522 1983 alteri
541 1920 657 1983 nubere
678 1921 711 1982 et
730 1917 863 1982 dimissa
881 1937 977 1982 nrore
995 1937 1057 1982 non
1077 1918 1154 1983 licet
1172 1919 1304 1982 alteram

152 2027 279 2100 ducere,
312 2026 460 2108 quoniam
494 2025 641 2092 dominus
675 2025 763 2090 nulla
800 2027 984 2108 exceptione
1019 2027 1104 2089 facta
1141 2024 1231 2089 dicit:
1270 2024 1304 2088 si

105 2155 132 2195 rs
151 2151 251 2196 uror
278 2132 488 2198 dimiserit
515 2133 647 2196 nirunr
677 2151 790 2196 suum
820 2131 957 2196 etalii
980 2129 1180 2214 nupserit,
1205 2149 1304 2196 moe-

151 2238 309 2318 chetur,
345 2242 394 2302 ei:
432 2239 560 2302 omnis
598 2239 664 2320 qui
703 2238 860 2302 dimitti
919 2257 1079 2303 uxorem
1117 2256 1226 2301 snam
1265 2240 1304 2302 et

151 2345 270 2410 ducit
292 2345 475 2422 alteram,
499 2345 744 2410 moechatur.

198 2451 252 2514 32.
281 2451 341 2516 His
374 2451 419 2514 ita
451 2470 506 2535 pro
539 2471 610 2517 meo
638 2451 767 2516 modulo
796 2451 998 2532 pertractatis
1026 2454 1121 2534 atque
1148 2450 1305 2534 discussis

152 2557 371 2641 quaestionem
396 2561 501 2622 tamen
527 2557 565 2622 de
588 2557 744 2642 coniugiis
769 2557 1030 2623 obscurissimam
1050 2563 1083 2621 et
1100 2556 1305 2640 inplicatissi·

103 2691 131 2730 so
151 2685 237 2730 marn
268 2683 338 2728 esse
366 2685 427 2730 non
454 2664 571 2729 nescio.
610 2681 666 2728 nec
695 2663 795 2728 audeo
825 2663 965 2747 profiteri
988 2682 1097 2729 omnes
1121 2665 1210 2728 sinus
1235 2663 1304 2727 eius

151 2773 204 2836 nel
237 2771 269 2835 in
302 2771 362 2835 hoc
390 2789 483 2852 opere
512 2769 565 2834 nel
592 2770 624 2834 in
654 2769 716 2834 alio
748 2789 799 2838 me
828 2769 931 2834 adhuc
959 2770 1132 2852 explicasse
1159 2769 1213 2833 nel
1239 2769 1303 2832 iam

150 2896 259 2960 posse,
288 2877 314 2940 si
342 2896 488 2961 negusar,
518 2877 682 2959 explicare.
720 2876 801 2940 illud
830 2880 948 2954 eutem,
977 2876 1061 2940 unde
1089 2895 1140 2940 me
1163 2875 1248 2940 idem
1271 2875 1304 2939 in

151 2984 216 3047 alia
242 2983 360 3048 scheda
384 2983 613 3048 consulendum
637 2983 837 3060 existimatis,
862 3001 1006 3048 seorsum
1031 2983 1126 3048 etiam
1151 3001 1209 3067 ego
1233 3000 1304 3046 eno·

152 3089 226 3153 dare
255 3109 407 3166 curarem,
432 3090 459 3154 si
486 3089 563 3154 mihi
589 3089 686 3168 alind,
711 3108 806 3172 quam
829 3089 889 3153 tibi
912 3090 1019 3154 nisum
1044 3092 1103 3167 est,
1126 3087 1303 3164 uideretnr;

102 3223 128 3264 es
152 3214 226 3259 oum
260 3215 334 3261 uero
369 3197 477 3260 eedem
506 3196 549 3260 sit
577 3196 674 3260 etiem
702 3200 810 3260 nostra
838 3195 1004 3268 sententie,
1031 3215 1092 3261 oon
1120 3195 1193 3259 hinc
1223 3213 1303 3276 opus

152 3305 204 3367 est
227 3301 349 3366 diutins
374 3303 546 3385 disputare.

243 3543 372 3600 31001.
392 3547 417 3610 7,
438 3547 480 3600 12.
502 3547 534 3600 13
643 3547 659 3601 9
679 3545 712 3600 ci.
732 3545 746 3598 1
765 3545 826 3600 Cor.
847 3546 889 3610 10,
908 3547 943 3600 23
1054 3547 1087 3600 14
1105 3545 1186 3599 Marc.
1208 3544 1249 3606 10,
1270 3545 1304 3598 12

154 3633 187 3685 16
206 3631 271 3686 Luc.
293 3634 335 3698 16,
356 3635 389 3688 18

191 3806 354 3876 lgentibue
378 3807 492 3864 VESN¹
583 3809 731 3863 2menbra
750 3809 780 3863 E
876 3811 909 3862 iis
929 3809 966 3864 bd
1056 3809 1189 3879 inirem]
1209 3809 1307 3863 illuT

150 3897 169 3951 8
189 3898 325 3968 quemuis]
346 3898 374 3952 in
393 3897 528 3968 aliquibus
552 3899 665 3953 VESN¹
687 3899 805 3969 qeninie
825 3901 845 3963 (i
854 3899 907 3968 fin.
922 3917 944 3954 e.
960 3900 988 3970 l.)
1006 3900 1032 3952 Τ
1069 3900 1169 3954 liliam
1189 3899 1306 3968 snpreS

153 3987 187 4040 13
208 3985 326 4040 demisso
343 3987 371 4040 B
462 3989 495 4041 15
519 3988 572 4042 elio
596 3987 621 4042 Τ
692 3973 743 4042 ’16
768 3992 796 4042 et
815 3988 1095 4042 omnis-moechetur
1113 4004 1164 4041 om.
1189 3987 1304 4042 VESN¹

153 4075 187 4129 18
207 4075 300 4146 itaque
316 4075 392 4130 TRS
427 4076 461 4130 20
480 4076 598 4146 prolerre
619 4079 644 4139 (e
658 4076 711 4144 fin.
726 4092 747 4130 o.
764 4078 772 4129 i
788 4093 899 4146 oppoa.,·
915 4094 937 4132 a.
956 4077 1025 4130 ferre
1038 4092 1171 4145 euperecr.
1185 4077 1268 4144 fiteri)
1284 4073 1307 4128 S

150 4165 187 4218 22
206 4179 304 4233 urgear
327 4163 495 4220 VENRde
597 4166 723 4235 explicari
743 4166 830 4220 BVE
930 4183 974 4219 me
992 4182 1043 4219 om.
1069 4165 1149 4229 VES,
1169 4181 1204 4220 cr.
1224 4166 1257 4218 in
1274 4165 1308 4219 N

149 4253 236 4322 idem]
256 4251 350 4306 itidem
370 4252 435 4308 Rbd
489 4253 523 4306 23
542 4253 623 4307 erede
641 4253 806 4307 BTENRS
862 4254 1010 4308 existimati
1032 4253 1080 4308 To
1096 4254 1257 4308 existimasti
1275 4253 1308 4308 N

149 4344 186 4396 25
205 4357 274 4395 uoce
292 4343 374 4395 etiam
394 4343 575 4396 continuatur
593 4343 686 4396 oratio
703 4343 735 4395 in
754 4342 813 4396 eod.
831 4343 870 4396 Μ
939 4342 998 4396 hiae
1015 4342 1047 4395 N
