3109 4959
288 434 355 497 496
648 428 675 481 S.
702 428 839 483 Aureli
866 427 1081 497 Augustini

289 624 416 689 dinosas
448 625 587 689 insanias
619 624 794 690 constituto
827 624 898 707 quis
927 624 1058 688 auderet
1084 622 1202 688 dicere:
1235 623 1361 688 etiamsi
1389 624 1439 687 tui

289 731 433 815 hospites
451 732 483 795 in
501 736 560 796 tua
577 732 681 808 domo,
697 750 759 815 quo
779 750 833 796 eos
853 732 968 795 intrare
986 730 1184 795 humanitate
1205 730 1439 795 uiolentissima

289 839 472 921 conpulisti,
502 839 540 902 ab
567 838 729 921 inpudicis
757 838 946 921 apprehensi
971 841 1003 901 et
1026 838 1169 921 oppressi
1193 836 1363 901 muliebria
1386 854 1439 919 pa-

289 945 419 1024 tiantur,
434 946 514 1009 nihii
527 947 653 1021 timeas,
667 945 746 1010 nihil
765 965 867 1021 cures,
882 964 943 1009 non
964 962 1165 1026 expauescas,
1182 964 1243 1009 non
1263 944 1439 1020 horrescas,

289 1071 351 1116 non
375 1056 628 1117 contremescas?
653 1052 724 1135 quis
748 1052 827 1117 haec
850 1052 902 1117 uel
925 1051 1054 1116 illorum
1078 1052 1304 1115 sceleratorum
1329 1050 1439 1115 socius
1474 1070 1487 1109 s

289 1158 410 1240 hospiti
441 1159 494 1241 pio
528 1158 631 1223 dicere
664 1156 816 1222 auderet?
850 1156 906 1222 sed
937 1158 1030 1240 plane
1058 1158 1235 1223 rectissime
1264 1157 1440 1223 diceretur:

290 1284 348 1348 age
377 1264 532 1347 quidquid
560 1267 663 1346 potes,
691 1282 730 1328 ne
757 1263 823 1341 tiat,
853 1264 937 1346 quod
965 1264 1078 1328 merito
1106 1264 1212 1341 times,
1236 1264 1294 1328 sed
1321 1283 1384 1329 noo
1407 1266 1440 1327 te

289 1372 386 1435 timor
408 1372 470 1435 iste
494 1370 662 1453 conpellat,
686 1374 724 1435 ut
745 1370 856 1447 iacias,
882 1370 968 1453 quod
994 1371 1026 1434 in
1056 1389 1090 1435 se
1112 1370 1197 1435 filiae
1219 1374 1295 1435 tuae
1320 1370 1390 1435 tisri
1413 1371 1442 1434 si

288 1477 459 1555 noluerint,
490 1477 609 1541 sacient
640 1496 712 1541 cnm
746 1476 921 1542 Sodomitis
953 1480 986 1541 te
1019 1480 1146 1543 anctore
1184 1478 1374 1559 nequitiam
1413 1478 1443 1541 si

290 1592 397 1648 autem
419 1584 588 1658 noluerint,
611 1583 774 1665 patientur
797 1603 815 1647 a
834 1582 1008 1648 Sodomitis
1032 1586 1065 1648 te
1088 1586 1215 1649 auctore
1239 1584 1442 1649 uiolentiam.
1462 1606 1488 1643 ιο

289 1691 355 1754 noli
373 1690 476 1755 iacere
495 1708 644 1773 magnum
659 1690 766 1754 scelus
781 1692 884 1767 tuum,
901 1687 977 1753 dnm
994 1690 1097 1753 maius
1111 1690 1269 1755 horrescis
1285 1690 1441 1755 alienum:

290 1796 525 1879 quantumlibet
557 1795 641 1859 enim
674 1795 772 1860 distet
803 1797 885 1861 inter
916 1800 1009 1861 tuum
1042 1799 1074 1859 et
1105 1796 1253 1873 alienum,
1288 1796 1350 1861 hoo
1384 1796 1443 1861 erit

289 1908 393 1979 tuum,
422 1902 504 1967 iilud
532 1902 681 1966 alienum.
710 1902 772 1966 nisi
801 1904 881 1967 forte
909 1921 965 1985 pro
994 1901 1177 1967 defensione
1200 1902 1298 1967 huius
1323 1902 1388 1967 uiri
1410 1902 1443 1967 in

289 2030 342 2075 eas
366 2030 401 2075 se
424 2009 582 2093 quispiam
607 2012 729 2074 coartet
746 2008 923 2092 angustias,
943 2012 981 2072 ut
999 2007 1098 2073 dicat:
1123 2008 1270 2091 quoniam
1295 2008 1443 2091 accipere

290 2138 386 2200 quam
409 2117 512 2182 facere
533 2118 676 2200 praestat
696 2116 856 2191 iniuriam,
884 2115 1029 2199 hospites
1058 2118 1165 2181 autem
1192 2116 1238 2180 illi
1263 2134 1327 2181 non
1352 2120 1444 2181 erant
1462 2136 1487 2175 rs

288 2224 401 2306 utique
428 2223 545 2288 tacturi
571 2222 732 2298 iniuriam,
756 2221 814 2286 sed
842 2222 978 2303 passuri,
1003 2220 1117 2285 maluit
1144 2221 1194 2285 uir
1220 2221 1328 2286 iustus
1356 2221 1443 2286 filias

289 2350 365 2395 suas
388 2330 534 2394 iniuriam
557 2328 626 2412 pati
648 2347 744 2410 qnam
767 2328 912 2410 hospites
941 2346 1017 2392 suos
1046 2346 1082 2392 eo
1109 2328 1189 2401 iure,
1213 2346 1276 2409 quo
1300 2328 1443 2393 filiarum

290 2438 436 2501 dominus
465 2441 533 2501 erat
560 2439 594 2501 et
620 2438 754 2501 nouerat
779 2455 841 2500 non
870 2454 923 2500 eas
951 2454 1092 2519 peccare,
1120 2436 1149 2501 si
1176 2436 1209 2500 id
1235 2436 1335 2514 fieret,
1365 2437 1445 2517 qnia

289 2548 458 2625 peccantes
477 2544 597 2625 potius,
616 2542 733 2625 quibus
753 2561 815 2606 non
835 2543 1058 2620 consentirent,
1074 2542 1142 2607 sine
1160 2546 1291 2625 peccato
1311 2544 1444 2627 proprio

290 2649 492 2715 snshnerent.
525 2649 661 2731 deniqne
693 2667 755 2713 nou
789 2668 823 2713 se
854 2648 945 2731 ipsae
976 2648 1164 2733 stuprandas
1199 2648 1348 2732 quamuis
1384 2670 1444 2733 pro
1463 2670 1489 2711 so

289 2755 442 2820 masculis
480 2754 613 2820 feminas
649 2774 705 2837 pro
737 2755 804 2819 iilis
842 2754 1025 2837 hospitibus
1062 2756 1257 2833 obtulerunt,
1289 2776 1329 2820 ne
1369 2775 1446 2821 reas

289 2862 408 2926 faceret
438 2880 500 2926 non
533 2861 696 2944 perpessio
728 2860 870 2926 libidinis
909 2862 1041 2940 alienae,
1074 2862 1129 2927 sed
1162 2880 1238 2926 suae
1271 2864 1447 2927 consensio

290 2968 478 3033 uoluntatis.
505 2986 564 3031 nec
589 2970 680 3049 pater
702 2987 810 3032 aarum
834 2968 949 3033 hocin
974 2988 1009 3033 se
1031 2968 1098 3033 fieri
1126 2968 1341 3049 permittebat,
1367 2988 1448 3034 cnm

291 3076 351 3139 hoc
373 3074 476 3137 facere
500 3078 696 3150 conarentur,
721 3076 838 3156 quibus
862 3075 1006 3159 hospites
1026 3094 1087 3141 non
1105 3074 1270 3157 prodebat,
1290 3078 1448 3157 quamuis

291 3181 397 3244 minus
421 3178 497 3243 mali
521 3182 615 3256 esset,
640 3180 724 3262 quod
748 3181 779 3245 in
804 3200 877 3261 uno,
902 3200 997 3264 quam
1021 3182 1049 3246 si
1068 3181 1207 3246 fieretis
1227 3180 1365 3252 duobus,
1388 3183 1492 3247 sedas

328 3437 474 3491 linsidias
492 3438 525 3507 (a.
546 3438 563 3492 t.
581 3454 616 3491 m.
636 3439 870 3509 2iinsanias)r
943 3438 1032 3493 dicere
1050 3439 1103 3493 hoo
1120 3440 1177 3494 FL
1236 3442 1380 3511 torpitcs
1405 3444 1451 3497 Cu

291 3542 361 3597 quae
381 3546 398 3597 p
417 3526 506 3596 qnass
596 3528 746 3580 amaritate
768 3527 810 3581 Oh
882 3529 933 3583 3a
956 3528 990 3583 0¹
1090 3530 1298 3599 apprehensiap
1398 3534 1451 3587 ob-

290 3615 378 3683 pressi
399 3614 440 3685 Op
530 3614 716 3685 patiuntnrO
787 3616 949 3671 thorescee
967 3616 996 3671 R
1068 3618 1296 3671 beontrsmiscas
1315 3617 1454 3690 FLfrpbd

291 3705 522 3774 scaeleetornmp
602 3706 619 3759 6
637 3704 741 3773 hospiti
759 3705 815 3773 pio]
834 3706 938 3775 hospiti
957 3706 984 3759 L
1002 3706 1121 3776 hospitio
1139 3706 1211 3771 Fe,
1230 3706 1313 3776 ospiti
1332 3710 1383 3777 pio
1409 3711 1453 3764 cb

290 3793 389 3862 planae
409 3792 453 3846 Ch
541 3792 696 3847 dicerentur
712 3792 741 3846 R
814 3794 894 3863 Tagi
917 3781 957 3847 Cb
1042 3794 1171 3865 quicquid
1188 3794 1264 3863 Rus
1331 3796 1453 3853 afilia

290 3883 356 3933 tnae
374 3897 460 3949 enar
515 3882 621 3949 ticum}
642 3898 702 3933 enm
721 3880 749 3934 R
823 3885 851 3935 et
870 3888 897 3935 te
916 3882 948 3951 (a.
969 3882 999 3951 l.)
1020 3887 1158 3955 anotorep
1210 3884 1458 3953 reperientes?

291 3968 450 4023 uiolentiam
474 3968 541 4023 Tou
605 3970 636 4022 11
656 3970 799 4040 scaelusp
870 3972 902 4023 12
921 3974 1054 4039 quantum
1073 3972 1143 4025 enim
1162 3970 1277 4025 libetO
1371 3977 1453 4029 enim

292 4073 343 4109 om.
362 4056 408 4123 Rs
480 4058 508 4111 in
527 4056 625 4111 hocT
675 4059 708 4111 14
727 4061 832 4113 coartat
854 4059 895 4113 Ob
913 4060 1067 4115 coarctetb
1141 4060 1215 4115 dicat
1232 4061 1257 4131 (t
1269 4078 1291 4117 a.
1306 4078 1370 4131 ηρ.
1390 4071 1453 4135 s)p

292 4146 397 4215 scipere
418 4145 459 4199 Ch
514 4148 546 4201 15
566 4146 701 4199 t'cceraT
770 4148 812 4201 iili
831 4153 956 4217 auteurs
1013 4150 1045 4203 17
1064 4150 1121 4221 inre
1139 4150 1181 4204 cb
1236 4148 1269 4203 18
1289 4166 1337 4203 cas
1356 4152 1454 4221 noni

291 4234 327 4287 20
346 4235 404 4301 ipse
423 4232 492 4303 aas
562 4236 594 4287 21
615 4234 750 4303 capitibus
772 4236 814 4289 Cb
884 4252 944 4290 reos
962 4236 1127 4307 RWrssp
1200 4254 1246 4291 eas
1265 4238 1372 4292 iaceret
1394 4238 1457 4307 βὸᾰ

292 4324 326 4375 22
347 4320 517 4388 consentit?
572 4323 607 4377 24
625 4322 727 4377 iaceret
744 4324 784 4378 13¹
858 4326 960 4394 ospitss
981 4325 1041 4395 th
1097 4328 1131 4381 25
1150 4330 1193 4381 set
1213 4326 1255 4380 Gir
