3109 4959
530 436 696 490 debono
725 437 933 505 coniugali
1238 442 1303 504 215

154 632 253 697 unius
276 632 383 697 uxoris
407 632 458 697 uir
480 632 641 715 significat
664 652 701 697 ex
724 632 871 697 omnibus
895 634 1044 716 gentibus
1072 632 1226 698 unitatem
1250 632 1309 697 uni·

154 738 224 803 uiro
250 738 410 803 subditam
436 738 573 813 christo,
598 756 679 821 quae
702 741 779 803 ωηο
801 738 993 819 perficietur,
1018 758 1090 805 cum
1114 739 1305 804 reuelauerit

155 847 324 909 occulta
346 844 606 909 tenebrarum
630 848 663 909 et
686 844 939 911 manifestauerit
966 845 1131 911 occulta
1154 844 1303 923 cordis,

154 956 192 1015 ut
228 956 305 1016 tunc
342 954 432 1016 laus
470 952 513 1015 sit
549 951 773 1033 unicuique
807 970 826 1014 a
857 950 939 1015 deo.
972 970 1055 1016 nunc
1088 954 1196 1016 erstem
1228 954 1305 1016 sunt

120 1058 353 1130 manifestae,
383 1062 458 1121 suut
490 1058 625 1123 latentes
657 1055 873 1122 dissensiones
910 1057 1007 1121 etiam
1043 1059 1135 1121 salua
1172 1056 1304 1121 caritate

154 1164 238 1229 inter
261 1182 326 1241 eos,
351 1163 406 1246 qui
429 1182 526 1229 unum
552 1167 585 1229 et
605 1164 638 1227 in
662 1182 725 1227 uno
749 1162 850 1227 futuri
874 1168 962 1228 sunt:
988 1182 1070 1245 quae
1091 1167 1170 1228 tunc
1192 1164 1303 1245 utique

153 1272 262 1335 nullae
295 1275 396 1337 emnt.
430 1270 514 1335 sicut
546 1288 621 1353 ergo
654 1273 886 1335 sacramentum
919 1269 1092 1352 pluralium
1122 1268 1303 1353 nuptiarum

153 1376 243 1441 illius
263 1376 416 1457 temporis
432 1375 625 1460 significauit
638 1376 777 1441 futuram
798 1375 1038 1440 multitudinem
1053 1376 1112 1441 deo
1127 1376 1304 1441 subiectam

154 1483 186 1547 in
219 1484 353 1549 terrenis
387 1482 533 1547 omnibus
571 1480 731 1567 gentibus,
769 1482 816 1547 sic
853 1484 1084 1547 sacramentum
1121 1482 1302 1564 nuptiarum

111 1613 138 1651 10
155 1590 354 1673 singularum
368 1588 470 1653 nostri
484 1589 636 1671 temporis
654 1588 815 1672 significat
828 1588 985 1653 unitatem
1000 1588 1140 1654 omnium
1160 1590 1303 1653 nostrum

154 1696 333 1762 subiectam
362 1695 420 1760 deo
448 1695 588 1759 sutrinam
616 1696 648 1759 in
677 1714 740 1759 una
767 1696 900 1760 caelesti
923 1694 1064 1760 ciuitate.
1088 1694 1195 1777 itaque
1218 1691 1305 1760 sicut

154 1802 280 1868 duobus
303 1802 491 1884 pluribusne
516 1802 644 1878 seruire,
670 1801 716 1866 sic
740 1821 759 1865 a
781 1800 858 1866 uiuo
881 1800 951 1866 uiro
970 1802 1002 1865 in
1020 1802 1151 1873 alterius
1171 1802 1304 1866 transire

153 1908 327 1974 conubium
350 1927 409 1973 nec
431 1912 508 1973 tunc
531 1907 624 1971 licuit
647 1926 704 1972 nec
727 1926 810 1972 nunc
832 1907 910 1972 licet
932 1926 989 1973 nec
1013 1926 1164 1989 umquam
1182 1908 1303 1972 licebit.

154 2018 335 2097 apostatare
363 2014 479 2098 quippe
508 2015 546 2078 ab
574 2034 637 2079 uno
666 2015 724 2079 deo
754 2018 787 2079 et
807 2014 853 2078 ire
876 2014 908 2079 in
936 2014 1068 2079 alterius
1096 2014 1303 2079 adulterinam

105 2148 132 2187 rs
153 2122 413 2207 superstitionem
430 2140 554 2204 semper
573 2124 623 2186 est
641 2122 771 2185 malum.
792 2139 849 2185 nec
870 2139 967 2185 causa
985 2138 1059 2204 ergo
1078 2119 1303 2185 numerosioris

151 2228 253 2311 prolis
276 2227 419 2292 lecerunt
442 2228 543 2292 sancti
566 2227 677 2306 nostri,
702 2227 786 2310 quod
812 2226 888 2293 Cato
914 2226 1031 2293 dicitur
1052 2227 1167 2292 iecisse
1189 2227 1303 2291 Itoma-

153 2354 225 2412 nus,
254 2338 291 2399 ut
321 2333 459 2399 traderet
490 2334 587 2398 uiuus
616 2352 742 2399 uxorem
776 2334 871 2398 etiam
903 2333 1035 2398 alterius
1068 2334 1196 2397 domum
1228 2331 1303 2396 liliis

152 2440 355 2523 inpleturum.
383 2440 414 2503 in
442 2444 622 2505 nostrarum
650 2442 766 2524 quippe
794 2439 916 2523 nuptiis
943 2441 1018 2523 plus
1041 2441 1129 2505 ualet
1151 2439 1303 2504 sanctitas

152 2546 343 2613 sacramenti
366 2565 460 2628 quam
484 2546 660 2612 fecunditas
683 2547 775 2612 uteri.

101 2682 133 2721 ao
200 2656 254 2719 22.
279 2652 314 2718 Si
338 2672 412 2737 ergo
436 2652 550 2730 atilli,
574 2652 629 2735 qui
646 2656 775 2737 propter
794 2653 896 2717 solam
914 2652 1158 2736 generationem,
1176 2653 1305 2734 proptor

153 2780 251 2843 quam
279 2764 354 2825 sunt
381 2760 547 2825 institutae
574 2760 713 2842 nuptiae,
738 2760 983 2843 coniunguntur,
1006 2777 1068 2823 non
1097 2762 1305 2839 conparantur

152 2867 297 2950 patribus
326 2866 428 2931 multo
457 2866 550 2931 aliter
576 2868 664 2948 ipsos
692 2866 775 2931 filios
805 2885 899 2949 quam
927 2865 984 2930 isti
1012 2864 1237 2948 quaerentibus
1260 2900 1305 2911 —-

152 2972 408 3057 quandoquidem
433 2972 532 3037 tilium
562 2972 726 3038 immolare
753 2973 863 3038 iussus
886 2972 1045 3037 Abraham
1067 2970 1243 3054 intrepidus
1267 2988 1304 3035 ac

153 3082 302 3157 deuotus,
331 3098 426 3162 quem
454 3078 492 3143 de
520 3084 609 3143 tanta
641 3079 858 3163 desperatione
891 3079 1086 3160 susceperat,
1115 3077 1209 3142 unico
1241 3095 1302 3142 non

101 3214 131 3253 as
152 3188 304 3271 pepercit,
334 3186 394 3251 nisi
424 3205 460 3250 eo
492 3186 678 3268 prohibente
711 3205 839 3249 manum
872 3185 1052 3269 deponeret,
1081 3203 1143 3266 quo
1175 3184 1303 3248 iubente

243 3410 259 3466 3
280 3410 312 3465 cs,
331 3411 345 3465 I
364 3408 424 3465 cor.
442 3414 467 3475 4,
489 3414 504 3465 5
561 3413 592 3465 17
613 3411 645 3467 cf.
665 3412 737 3467 Plut.
758 3410 826 3466 Cato
846 3411 910 3467 min.
930 3427 988 3481 cap.
1008 3410 1043 3464 25

189 3538 203 3589 1
224 3536 266 3589 uir
284 3551 336 3590 om.
354 3536 385 3589 Ε
436 3536 453 3589 3
472 3534 617 3589 manifesta
635 3534 688 3590 erit
704 3535 737 3589 N
806 3534 922 3605 occulta]
943 3534 1124 3603 cogitationes
1142 3533 1306 3605 PKTHAF

151 3622 360 3679 RDMEXabd
377 3624 509 3693 cogitatio
527 3624 558 3677 N
610 3624 809 3679 lmanilestao
826 3628 891 3677 sunt
908 3624 940 3692 pb
1002 3626 1067 3687 sunt
1086 3627 1154 3690 (exp.
1175 3639 1209 3674 m.
1229 3622 1305 3687 2)C

150 3728 205 3766 om.
222 3710 376 3765 KFMEN
435 3714 535 3765 dsunt
554 3729 604 3765 om.
623 3714 655 3781 pb
747 3712 847 3765 dsunt
864 3728 915 3768 om.
934 3711 965 3763 Ν
1054 3709 1227 3779 8significat
1244 3710 1303 3764 AD

154 3802 187 3855 10
207 3799 385 3869 singularium
403 3799 676 3870 PKpADMENXu
779 3801 912 3855 unitatem
932 3805 960 3853 et
977 3798 1005 3851 B
1108 3799 1306 3853 nostrorumO

153 3894 184 3945 ll
207 3906 287 3945 uuam
306 3890 363 3944 AD
435 3892 561 3945 caelestis
580 3892 607 3945 B
626 3890 769 3945 caelestem
790 3890 844 3959 (em
863 3890 929 3955 exi)
943 3889 1019 3948 AD
1092 3889 1232 3942 ciuitatem
1246 3888 1304 3942 AD

152 3982 186 4033 12
205 3981 265 4034 uiro
285 3978 349 4033 uiuo
368 3979 434 4033 Bou
515 3980 758 4034 laborcone
839 3981 872 4034 14
889 3979 929 4032 ire
948 3980 968 4043 (i
986 3995 1007 4033 s.
1029 3978 1045 4031 l.
1065 3995 1099 4031 m.
1120 3982 1150 4041 2)
1170 3976 1302 4031 Ptrens-

150 4070 191 4123 ire
210 4067 241 4121 D
262 4067 394 4137 requippe
418 4072 450 4139 (a.
475 4069 492 4123 l.
512 4068 612 4135 cidere)
631 4071 659 4122 A
751 4068 784 4121 15
808 4067 910 4121 mulum
930 4071 972 4121 est
990 4067 1020 4120 D
1125 4066 1185 4134 nec]
1205 4066 1256 4120 bec
1273 4066 1306 4119 N

152 4160 185 4211 17
207 4156 298 4225 uiuus]
316 4156 395 4210 unius
414 4157 443 4210 D
517 4158 550 4212 19
569 4158 673 4211 uentris
693 4157 763 4211 uteri
783 4156 815 4210 K
829 4141 831 4144 ¹
886 4156 919 4209 al
941 4156 1124 4225 conteguntur
1143 4155 1170 4208 B
1249 4172 1302 4207 non

148 4245 250 4301 omo
317 4246 351 4299 22
371 4245 461 4315 aliter]
482 4254 517 4300 all
535 4246 567 4299 N
647 4246 742 4316 istisp
811 4246 846 4299 23
864 4244 1029 4315 intrepidum
1050 4250 1081 4309 (a.
1101 4257 1128 4315 ln
1148 4244 1214 4297 odd.
1234 4247 1257 4309 s)
1275 4245 1302 4295 A

149 4336 186 4390 24
207 4334 334 4389 deuotivs
354 4338 382 4400 (r
399 4351 420 4388 s.
441 4334 470 4403 1.)
488 4336 515 4388 A
589 4335 771 4405 disperatione
790 4334 848 4388 KA
