3109 4959
258 442 301 505 80
616 439 643 494 S.
672 438 809 493 Aureli
838 437 1056 509 Augustini

258 634 316 699 illa
338 634 407 700 sola
430 633 611 716 excipienda
635 636 719 709 sunt,
739 634 836 698 etiarn
863 633 894 698 in
923 632 974 698 his
1002 634 1105 699 tribus
1135 637 1184 699 est
1210 634 1413 712 adulterium,

257 741 342 806 unde
364 740 427 805 ista
450 740 624 824 disputatio
649 742 724 805 nata
747 743 806 805 est.

303 849 357 913 35.
382 847 444 913 Sed
464 848 614 931 qnoniam
632 848 790 912 malornm
811 847 1056 912 christianorum
1075 866 1190 924 mores,
1211 848 1266 931 qui
1284 848 1413 913 fuerunt

258 958 352 1019 antea
392 955 489 1018 etiam
524 954 668 1037 pessimi,
706 954 858 1019 habuisse
894 972 957 1018 non
994 954 1143 1019 uidentur
1179 956 1239 1020 hoo
1280 956 1413 1033 malum,

258 1063 296 1126 ut
328 1060 447 1126 alienas
479 1080 592 1126 uxores
631 1060 782 1125 ducerent
818 1060 881 1125 uiri
918 1062 975 1125 aut
1012 1060 1122 1125 alienis
1160 1062 1239 1126 uiris
1276 1062 1413 1127 feminae
1447 1084 1461 1121 ⁵

257 1170 422 1248 nuberent,
451 1168 524 1233 inde
556 1168 693 1233 fortasse
725 1167 810 1250 apud
840 1167 994 1250 quasdam
1027 1168 1178 1233 ecclesias
1211 1168 1415 1253 neglegentia

258 1276 322 1341 ista
345 1275 515 1357 subrepsit,
539 1275 631 1339 utin
655 1274 860 1339 catechismis
885 1275 1124 1358 conpetentium
1149 1294 1206 1339 uec
1230 1294 1415 1359 quaereren-

259 1386 312 1447 tur
339 1400 396 1446 nec
423 1385 663 1464 percuterentur
691 1382 769 1446 haec
797 1382 887 1456 uitia,
913 1385 1009 1464 atque
1036 1381 1110 1447 inde
1137 1382 1259 1446 iactum
1288 1384 1347 1460 est,
1377 1386 1417 1446 ut

258 1489 435 1572 inciperent
459 1488 599 1553 delendi:
629 1507 708 1571 quae
731 1492 839 1553 tamen
864 1489 966 1553 adhuc
990 1489 1021 1552 in
1045 1488 1214 1572 baptizatis
1238 1508 1306 1552 rara
1330 1493 1415 1562 sunt,

260 1596 288 1660 si
317 1614 354 1660 ea
382 1614 439 1661 uos
467 1594 663 1679 neglegendo
692 1614 753 1659 non
783 1596 880 1660 densa
907 1594 1073 1661 faciamus.
1110 1594 1207 1659 talem
1237 1594 1354 1677 quippe
1382 1594 1413 1659 iu
1439 1616 1465 1653 ιο

259 1702 451 1785 quibusdam
475 1702 722 1787 neglegentiam,
740 1704 774 1767 iu
799 1703 869 1767 aliis
893 1702 1083 1785 inperitiam,
1107 1703 1139 1767 in
1169 1703 1239 1767 aliis
1269 1704 1416 1787 ignorau-

258 1810 339 1875 tiam
369 1809 576 1892 probabiliter
609 1808 756 1873 dominus
791 1810 895 1874 somni
928 1808 1054 1873 nomine
1088 1808 1285 1893 significasse
1322 1809 1416 1873 intel·

260 1916 390 2000 legitur,
414 1916 470 1980 ubi
490 1914 550 1979 ait:
575 1934 661 1979 cum
687 1918 820 1979 autern
842 1914 1067 1980 dormirent
1085 1915 1279 1995 homines,
1299 1915 1416 1980 uenit

259 2022 456 2087 inimicus
500 2026 539 2085 et
579 2020 934 2103 superseminauit
980 2021 1149 2086 zizania.
1191 2021 1264 2085 hinc
1307 2024 1414 2085 autern

259 2128 503 2193 existimandum
541 2130 591 2191 est
627 2146 688 2192 non
727 2145 764 2192 aa
799 2126 937 2210 primum
980 2127 1163 2209 adparuisse
1201 2126 1232 2191 in
1269 2127 1413 2193 moribus
1437 2144 1465 2184 ιε

259 2234 407 2317 quamuis
434 2234 592 2299 malorum
621 2234 878 2309 christianorum,
907 2234 1056 2316 quoniam
1090 2234 1202 2299 beatus
1237 2232 1412 2317 Cyprianus

258 2342 290 2405 in
324 2341 464 2423 epistula
496 2341 534 2406 de
567 2341 678 2423 lapsis,
712 2360 785 2405 cum
825 2340 1014 2423 deplorando
1053 2344 1085 2405 et
1118 2340 1278 2426 arguendo
1311 2343 1415 2405 multa

259 2451 531 2526 commemoraret,
560 2446 678 2527 quibus
705 2448 819 2513 merito
849 2447 928 2514 dicit
953 2446 1201 2531 indignationem
1230 2447 1280 2512 dei
1313 2446 1413 2512 luisse

259 2558 461 2632 commotam,
481 2559 518 2618 ut
539 2554 731 2620 intolerabili
755 2554 975 2637 perseeutione
999 2554 1167 2619 ecclesiam
1187 2572 1278 2618 suam
1298 2555 1416 2619 sineret

259 2660 423 2744 flagellari,
446 2662 524 2726 haec
546 2660 593 2724 ibi
617 2662 743 2725 omnino
766 2681 829 2725 nou
853 2661 1004 2739 nominat,
1030 2680 1103 2725 curn
1127 2661 1224 2724 etiarn
1247 2660 1329 2725 illud
1351 2679 1411 2724 non
1436 2678 1464 2715 ω
1551 2664 1552 2685 ’

259 2768 366 2832 taceat
388 2769 420 2831 et
443 2765 482 2830 ad
506 2766 635 2832 eosdem
659 2786 763 2832 mores
787 2768 890 2832 malos
913 2767 1069 2849 pertinere
1089 2766 1263 2845 confirmet,
1282 2768 1413 2851 iungere

262 2892 334 2938 oum
358 2872 541 2937 infidelibus
565 2873 730 2937 uinculum
749 2873 943 2938 matrimonii
963 2872 1042 2937 nihil
1062 2872 1149 2937 aliud
1176 2892 1245 2937 esse
1269 2892 1412 2939 asserens

261 2996 356 3062 qnam
393 2978 586 3061 prostituere
619 2977 793 3063 gentilibus
826 2979 969 3043 membra
1006 2978 1140 3044 Christi:
1179 2998 1259 3062 quae
1296 2978 1412 3045 nostris

261 3084 459 3167 temporibus
491 3084 555 3148 iarn
589 3105 650 3150 uon
678 3088 833 3167 putantur
860 3104 930 3151 esse
957 3090 1099 3169 peccata,
1129 3086 1277 3167 quoniam
1304 3106 1414 3151 reuera

260 3191 292 3254 in
324 3210 407 3255 nouo
440 3194 631 3257 testamento
664 3192 743 3256 nihil
774 3191 847 3256 inde
880 3196 1082 3276 praeceptum
1116 3196 1166 3257 est
1198 3195 1231 3258 et
1256 3193 1327 3257 ideo
1357 3196 1413 3258 aut
1436 3212 1465 3251 aa

354 3418 386 3473 13
405 3417 506 3472 maren,
527 3419 568 3483 rs,
588 3420 622 3473 25
679 3419 712 3472 16
733 3420 812 3488 cypr.
833 3394 866 3472 ue
885 3418 970 3489 rapsa
988 3418 1084 3472 aaran
1102 3417 1117 3472 1
1134 3436 1162 3489 p.
1182 3420 1235 3473 sar

298 3544 315 3595 2
332 3542 410 3611 nata]
430 3546 506 3595 mota
524 3541 668 3596 SMBNA
686 3542 828 3596 nominata
846 3542 874 3594 P
945 3542 960 3595 3
979 3542 1089 3597 fuerant
1107 3544 1134 3596 A
1207 3544 1222 3595 7
1243 3542 1418 3595 cathesismis

264 3630 468 3686 ΟΒΜΒΔΡΝ2
539 3634 701 3701 quaererent
718 3630 754 3683 M
834 3631 904 3685 8ne
924 3630 950 3682 P
1021 3634 1258 3701 repercuterentur
1276 3630 1419 3685 SMBRP

262 3724 343 3790 atque
361 3720 431 3775 uitia
448 3719 476 3773 P
564 3722 580 3775 9
601 3724 629 3775 et
648 3719 759 3773 defendi
778 3719 1057 3787 SMRBNPAXpou
1164 3720 1253 3775 adhuc
1268 3724 1333 3791 post
1350 3724 1418 3773 sunt

260 3806 293 3861 ira
312 3808 349 3861 bd
439 3809 472 3863 lo
490 3809 551 3877 nco]
569 3825 624 3861 uon
643 3807 765 3863 MRNA
855 3808 1105 3878 noneglegendoS
1188 3809 1255 3877 non]
1275 3824 1322 3862 nos
1342 3808 1417 3861 ACh

170 3958 177 3970 ·
262 3898 357 3966 densa]
378 3896 489 3951 defensa
506 3897 534 3950 P
588 3899 621 3950 12
644 3899 744 3967 somni]
769 3897 852 3951 omnii
871 3897 899 3950 P
973 3898 1093 3967 nomine]
1115 3898 1144 3951 in
1162 3898 1271 3952 homine
1291 3896 1418 3952 SMRB¹

264 3987 298 4040 13
318 3988 419 4054 autern]
438 3986 508 4039 eninr
527 3986 587 4039 SM
632 3988 665 4040 15
684 3987 841 4056 apperuisse
856 3987 889 4040 N
932 3988 965 4040 16
986 3986 1121 4056 ciprianus
1135 3986 1196 4041 RN
1241 3986 1273 4039 17
1293 3984 1376 4040 labsis
1396 3987 1421 4039 C

264 4074 298 4128 18
316 4073 547 4143 indignationeS
625 4074 669 4129 dei
688 4091 739 4131 om.
759 4075 844 4131 SMR
935 4076 968 4129 19
988 4078 1153 4129 commorata
1170 4075 1198 4128 P
1275 4074 1418 4129 intollera-

261 4163 313 4218 bili
331 4163 416 4218 SMR
505 4164 602 4218 siniret
621 4163 711 4218 SRB¹
802 4166 837 4219 20
856 4164 1031 4233 flagelrariI
1118 4166 1151 4219 21
1172 4181 1261 4230 rnpres
1280 4180 1367 4218 mores
1386 4162 1422 4217 Ν

263 4252 412 4323 pertinere·
435 4251 460 4306 S
479 4254 632 4322 pertineret
654 4254 681 4309 R
790 4255 953 4322 coniungere
972 4255 1000 4306 P
1088 4256 1123 4307 22
1148 4254 1256 4307 uincula
1274 4252 1416 4308 SMRBA

263 4341 390 4395 adserens
409 4340 551 4397 SMRNA
605 4344 639 4397 23
659 4341 788 4411 gentibus
807 4342 977 4397 SallRBNA
1032 4342 1066 4396 24
1086 4359 1138 4396 non
1158 4358 1253 4397 reuera
1271 4341 1291 4395 I
