3109 4959
439 399 489 454 de·
509 399 755 456 adulterinis
785 401 989 470 coniugiis
1216 407 1289 470 {387

134 592 179 670 id,
209 613 270 658 non
301 592 371 658 dico
400 592 602 670 christianus,
632 593 689 660 sed
717 594 880 662 humanus
900 615 1013 662 sensus
1037 595 1197 675 admittat,
1219 617 1290 680 pro·

133 701 221 765 fecto
251 701 403 771 mulier,
428 699 606 785 alligata
633 703 706 778 est,
742 701 930 783 quamdiu
958 702 1023 770 uir
1051 702 1140 768 eius
1169 704 1288 782 uiuit,

136 807 223 889 quod
256 811 293 873 ut
325 807 464 890 apertius
499 806 612 883 dicam,
645 807 799 889 quamdiu
831 808 882 872 uir
914 808 983 874 eius
1010 808 1042 874 in
1072 829 1201 892 corpore
1228 815 1288 878 est.

134 915 206 998 pari
234 933 308 998 ergo
337 915 439 981 forma
463 916 495 978 et
518 913 568 978 uir
591 913 743 996 alligatus
768 919 828 991 est,
853 914 1004 996 quamdiu
1027 915 1142 981 mulier
1164 917 1233 984 eius
1258 919 1289 982 in

101 1040 268 1104 scorpore
301 1023 361 1086 eet.
404 1019 486 1084 unde
519 1019 546 1084 si
579 1020 652 1085 uult
684 1019 844 1084 dimittere
877 1020 1064 1099 adulteram,
1098 1041 1159 1086 non
1193 1021 1290 1088 ducat

135 1130 280 1204 alteram,
310 1147 348 1191 ne
378 1125 464 1209 quod
486 1126 518 1190 in
542 1125 598 1191 illa
621 1127 740 1208 culpat,
764 1127 834 1208 ipse
857 1128 1047 1194 committat.
1086 1129 1235 1194 similiter
1257 1135 1290 1194 et

135 1235 263 1312 mulier,
291 1234 319 1298 si
344 1231 478 1298 dimittit
501 1230 691 1310 adulterum,
716 1250 778 1298 non
802 1231 864 1296 sibi
888 1233 1018 1316 copulet
1040 1234 1191 1310 ulternm;
1221 1235 1288 1300 alli-

134 1345 211 1425 gata
244 1343 294 1405 est
321 1339 413 1416 enim,
443 1337 595 1421 quamdiu
623 1339 673 1402 uir
701 1339 770 1403 eius
799 1338 884 1403 uiuit
910 1357 968 1404 neo
995 1359 1014 1404 a
1039 1339 1111 1424 lege
1139 1341 1200 1406 uiri
1227 1342 1290 1406 nisi

134 1448 255 1512 mortui
282 1447 444 1524 liberatur,
469 1451 588 1510 utnon
612 1445 656 1510 sit
678 1445 831 1522 adultera,
854 1445 884 1510 si
906 1445 1002 1510 fuerit
1025 1465 1099 1511 cum
1122 1447 1184 1512 alio
1208 1448 1288 1514 niro.

89 1579 117 1616 ιο
183 1553 238 1616 Vl.
262 1556 292 1619 5.
318 1550 411 1631 Quod
435 1554 541 1616 autem
566 1550 625 1616 tibi
648 1551 763 1616 durum
786 1551 925 1628 uidetur,
948 1558 987 1616 nt
1003 1556 1079 1635 post
1097 1553 1288 1620 adulterium

134 1658 360 1726 reconcilietur
388 1657 515 1742 coniugi
545 1657 669 1737 coniux,
699 1659 726 1723 si
755 1657 833 1722 fides
862 1658 956 1734 adsit,
986 1678 1046 1723 non
1072 1659 1135 1726 erit
1162 1660 1287 1726 durum.

135 1785 194 1832 cur
226 1766 310 1832 enim
343 1764 446 1832 adhuc
479 1764 669 1847 deputamus
703 1764 876 1842 adulteros,
909 1784 989 1847 quos
1017 1767 1071 1832 uel
1097 1767 1288 1850 baptismate

135 1873 265 1938 ablutos
293 1873 346 1938 nel
373 1872 565 1954 paenitentia
594 1872 751 1938 credimus
775 1891 846 1938 esse
870 1875 1019 1939 sanatos?
1056 1873 1134 1938 haee
1158 1875 1290 1942 mimine

134 1981 168 2044 in
203 1982 310 2044 uetere
339 1979 389 2044 dei
416 1979 488 2062 lege
516 1978 612 2044 nullis
641 1977 806 2044 sacmliciis
834 1978 1077 2056 mundabantur,
1105 2000 1185 2063 quae
1212 1983 1289 2048 noui

90 2109 116 2150 ra
135 2087 321 2152 testamenti
345 2087 498 2169 sanguine
523 2086 590 2150 sine
615 2085 813 2150 dubitatione
836 2085 1042 2162 mundantur;
1067 2090 1099 2150 et
1120 2087 1192 2153 ideo
1211 2092 1288 2155 tunc

136 2193 224 2258 omni
252 2192 345 2258 modo
375 2192 570 2275 prohibitum
600 2196 650 2258 est
678 2192 716 2255 ab
746 2192 808 2256 alio
837 2192 1082 2257 contaminatam
1110 2193 1180 2260 uiro
1210 2197 1288 2261 reci·

133 2320 210 2382 pere
238 2318 377 2377 uxorem,
406 2299 553 2381 quamuis
577 2298 682 2364 Dauid
706 2297 813 2364 Saulis
836 2297 945 2374 filiam,
974 2319 1070 2382 quam
1092 2307 1183 2383 pater
1205 2302 1287 2368 eius·

133 2407 209 2472 dem
238 2406 379 2472 mulieris
409 2406 446 2470 ab
476 2425 511 2470 eo
540 2408 717 2489 separatam
746 2404 876 2470 dederat
900 2406 1001 2483 alteri,
1025 2409 1187 2490 tamquam
1211 2410 1286 2474 noui

133 2514 322 2579 testamenti
340 2512 569 2597 praefigurator
587 2513 653 2576 sine
673 2512 874 2577 cunctatione
892 2513 1058 2594 receperit.
1081 2533 1165 2580 nunc
1179 2517 1285 2578 autem

87 2645 117 2684 20
135 2624 346 2704 posteaquam
372 2619 519 2686 Christus
547 2619 592 2682 ait
619 2619 795 2684 adulterae:
825 2638 894 2683 nec
920 2639 992 2702 ego
1015 2623 1054 2684 te
1078 2619 1286 2694 damueb03

135 2727 249 2806 uada,
273 2727 467 2808 deinceps
500 2726 576 2790 iam
609 2725 692 2792 noli
726 2745 903 2808 peccare,
932 2726 1004 2809 quis
1032 2745 1093 2791 non
1120 2726 1288 2810 intellegat

135 2835 251 2899 debere
275 2834 438 2918 ignoscere
461 2833 621 2910 maritum,
645 2832 731 2914 quod
750 2831 840 2896 uidet
856 2832 1022 2915 ignouisse
1041 2831 1205 2898 dominum
1223 2853 1287 2898 am·

134 2941 251 3006 borum
275 2959 332 3006 nec
356 2959 390 3004 se
414 2939 478 3004 iam
501 2939 614 3004 debere
639 2939 817 3005 adulteram
841 2937 955 3016 dicere,
979 2938 1071 3004 euius
1095 2940 1286 3022 paenitentis

135 3049 255 3114 crimen
280 3047 388 3112 diuina
410 3046 511 3110 credit
532 3045 734 3110 miseratione
758 3045 920 3109 deletum?

87 3177 116 3216 aa
182 3153 254 3219 Vll.
285 3155 314 3218 6.
345 3153 406 3219 Sed
438 3154 496 3216 hoc
529 3152 680 3217 uidelicet
710 3151 886 3215 infidelium
919 3170 1032 3216 sensus
1060 3151 1213 3229 exhorret,
1240 3151 1286 3215 ita

135 3267 173 3328 ut
198 3261 341 3326 nonnulli
364 3261 506 3340 modicae
530 3259 603 3323 fidei
627 3259 679 3341 uel
699 3259 807 3340 potius
826 3257 946 3322 inimici
965 3277 1059 3322 uerae
1078 3257 1161 3335 fidei,
1181 3258 1284 3336 credo,

227 3521 355 3577 21001.
376 3521 400 3584 7,
420 3521 454 3574 39
512 3521 543 3573 17
563 3519 596 3572 ci.
616 3519 644 3572 11
663 3519 730 3588 Reg.
750 3519 775 3586 3,
796 3520 830 3573 14
884 3518 1093 3576 aulonam
1207 3506 1211 3514 ’

174 3681 402 3738 1amittat13r¹
481 3680 589 3734 auimo
608 3681 650 3732 uir
669 3678 770 3733 eiusS
844 3679 938 3732 deins
958 3677 1052 3732 om.S
1122 3677 1287 3746 6culan

133 3773 297 3827 ‘idimitlat
318 3771 401 3824 TVE
462 3770 582 3823 9alter0
606 3767 747 3822 VEMNS
814 3770 845 3822 ll
867 3768 982 3821 coniunx
999 3766 1052 3821 RS
1122 3766 1190 3818 assit
1207 3764 1288 3819 ΕΗΒ

137 3863 171 3917 13
191 3864 300 3914 senatos
318 3859 360 3914 N¹
434 3861 466 3912 14
487 3858 572 3912 ueteri
595 3855 763 3912 TVEMRS
846 3873 917 3910 nouo
936 3857 1102 3909 testamento
1125 3854 1194 3908 Tin
1213 3870 1284 3908 nono

132 3954 301 4006 testamento
327 3947 478 4004 VEMN¹S
553 3949 586 4001 15
605 3947 633 4000 in
653 3948 786 4016 sanguine
804 3933 848 4014 {pi
873 3943 1025 3998 VEMN¹S
1100 3944 1133 3997 16
1153 3941 1238 3996 altero
1257 3942 1285 3996 R

134 4057 246 4096 uxorem
264 4039 383 4107 recipere
406 4038 431 4090 T
503 4038 534 4090 18
554 4039 683 4105 tanquam
702 4037 816 4106 (semper
834 4038 862 4098 n)
883 4035 913 4088 E
984 4033 1017 4086 19
1036 4031 1235 4101 praefiguratus
1249 4030 1287 4084 M

133 4132 167 4184 21
189 4128 260 4182 uade
279 4144 331 4182 om.
355 4123 508 4180 VEMN¹S
582 4125 637 4178 iam
655 4141 706 4178 om.
731 4122 908 4178 VEMNde
996 4121 1031 4174 22
1050 4119 1186 4174 dominum
1204 4119 1283 4187 iguo·

133 4220 209 4274 uisse
231 4217 257 4271 Τ
327 4217 464 4270 amborum
485 4231 519 4269 ec
537 4213 701 4268 arboremB
752 4215 786 4266 23
805 4229 856 4266 nec
875 4217 900 4277 (c
918 4228 940 4266 a.
960 4209 1033 4276 l.)B
1104 4209 1158 4261 iem
1176 4224 1205 4260 se
1224 4207 1286 4260 Vdd

132 4309 297 4364 2511111111
317 4303 342 4360 T
395 4304 563 4374 2611111111
632 4302 696 4356 fidei
717 4319 798 4358 uerae
817 4302 845 4354 P

1196 4399 1246 4454 25*
