3109 4959
293 472 355 537 150
646 470 673 524 S.
702 468 842 524 Aureli
867 470 1087 539 Augustini

293 664 432 730 ostendit
459 668 500 741 et,
523 668 562 728 ut
589 664 703 728 acriter
726 663 913 729 dimicemus
937 667 970 729 et
992 664 1102 729 hostes
1125 668 1253 732 nostros
1276 666 1445 733 mortifice-

292 792 375 849 mus,
410 791 449 837 ne
483 772 521 836 ab
554 772 599 835 eis
634 769 870 849 mortificemur,
904 771 1057 855 accendit.
1096 772 1151 855 qui
1183 773 1249 837 sint
1279 792 1356 838 uero
1388 772 1441 838 ist'

291 880 411 957 hostes,
437 879 514 943 satis
540 877 703 941 euidenter
721 878 885 959 expressit.
909 898 989 962 quos
1009 879 1092 943 enim
1112 898 1130 942 a
1148 878 1240 944 nobis
1259 880 1445 945 mortificari
1549 905 1550 970 p

291 986 407 1063 uoluit,
425 984 488 1069 ipsi
504 987 592 1069 sunt,
613 1002 707 1066 opera
725 984 851 1049 scilicet
869 985 982 1049 carnis.
1008 986 1055 1050 sic
1075 986 1158 1051 enim
1178 986 1238 1051 ait:
1262 986 1295 1051 si
1319 992 1445 1052 autem

293 1092 434 1175 spiritu
471 1092 574 1156 facta
604 1092 729 1156 carnis
761 1092 1111 1170 mortificaueritis‚
1141 1092 1295 1158 uinetis.
1326 1098 1358 1158 et
1381 1094 1485 1159 istas

293 1217 373 1282 quae
403 1200 466 1263 sint
493 1202 530 1264 ut
562 1198 711 1277 sciamus,
742 1198 876 1263 eundem
908 1199 1020 1263 itidem
1054 1200 1220 1265 audiamus
1254 1200 1446 1266 scribentem

293 1308 333 1371 ad
367 1307 498 1373 Galatas
532 1310 564 1371 et
596 1305 766 1371 dicentem:
807 1307 1011 1371 manifesta
1044 1308 1168 1371 autem
1206 1311 1295 1371 sunt
1332 1326 1447 1391 opera

294 1415 429 1490 carnis,
450 1430 543 1496 quae
564 1415 652 1476 sunt
670 1412 958 1489 fornicationes,
978 1411 1242 1492 inmunditiae,
1260 1414 1447 1493 luxuriae,

293 1521 482 1586 idolorum
498 1520 675 1597 seruitus,
691 1519 892 1595 ueneficia,
907 1517 1149 1596 inimicitiae,
1165 1521 1447 1599 contentiones,

295 1626 584 1702 aemulationes,
623 1626 905 1704 animositates,
944 1624 1216 1703 dissensiones,
1256 1626 1492 1705 haereseum

293 1734 473 1812 inuidiae,
494 1733 712 1811 ebrietates,
733 1734 1034 1799 comessationes
1054 1738 1091 1798 et
1106 1733 1164 1799 his
1180 1734 1335 1816 similia,
1351 1756 1448 1819 quaa

292 1840 471 1924 praedico
512 1838 633 1917 uobis,
672 1840 774 1904 sicut
811 1840 990 1923 praedixi,
1029 1841 1204 1923 quoniam
1248 1843 1311 1924 qui
1352 1844 1450 1908 talia

294 1950 420 2032 agunt,
444 1966 600 2031 regnum
629 1946 688 2011 dei
716 1966 787 2011 non
814 1946 1077 2030 possidebunt.
1106 1947 1213 2029 ipsum
1242 1951 1326 2013 enim
1350 1951 1449 2015 etiam

293 2054 338 2118 ibi
375 2054 507 2129 bellum,
537 2058 577 2118 ut
613 2052 692 2117 haec
725 2052 853 2129 diceret,
888 2053 1076 2120 ostendebat
1108 2060 1140 2119 et
1173 2055 1213 2119 ad
1244 2056 1303 2121 hos
1336 2056 1450 2121 hostes

294 2160 530 2227 mortificandos
559 2160 668 2224 eadem
698 2161 828 2224 caelesti
858 2164 890 2223 et
917 2160 1052 2243 spiritali
1081 2160 1160 2225 tuba
1183 2160 1302 2226 Christi
1324 2163 1449 2227 milites
1468 2184 1492 2223 a

295 2269 461 2333 excitabat.
501 2287 597 2349 supra
629 2266 713 2330 enim
745 2266 878 2331 dixerat:
918 2266 1000 2331 dico
1035 2272 1170 2346 autem,
1205 2268 1346 2351 spiritu
1381 2288 1451 2333 am·

294 2376 423 2440 bulate
457 2378 493 2439 et
531 2374 721 2439 desideria
758 2375 883 2439 carnis
918 2394 961 2437 ne
999 2374 1184 2439 feceritis.
1224 2394 1309 2440 caro
1348 2376 1450 2439 enim

296 2482 539 2565 concupiscit
577 2480 762 2546 aduersus
802 2481 990 2564 spiritum,
1029 2482 1192 2564 spiritus
1227 2484 1353 2547 autem
1391 2482 1451 2547 ad·

295 2608 429 2655 uersus
459 2608 617 2653 carnem.
651 2589 743 2653 haec
772 2589 869 2652 enim
894 2588 968 2653 sibi
990 2588 1158 2653 inuicem
1182 2589 1449 2667 aduersantur,

296 2699 338 2760 ut
365 2714 434 2761 non
464 2714 505 2759 ea
532 2714 625 2777 quae
653 2695 778 2759 uultis
811 2695 977 2760 faciatis.
1011 2694 1148 2776 quodsi
1176 2695 1314 2778 spiritu
1344 2696 1494 2761 duci-es

296 2802 398 2881 mini,
423 2821 491 2866 non
518 2803 612 2867 estis
638 2802 705 2867 sub
729 2804 822 2885 lege.
848 2820 923 2885 ergo
947 2801 1006 2866 snb
1031 2802 1135 2885 gratia
1158 2802 1351 2868 constitutos
1374 2807 1453 2870 uult

295 2910 395 2973 istum
420 2909 573 2973 aduersus
599 2929 692 2993 opera
717 2911 819 2974 carnis
843 2909 959 2973 habere
984 2908 1177 2974 conflictum.
1202 2912 1234 2974 et
1256 2909 1334 2975 haec
1353 2930 1454 2994 opera

297 3016 398 3081 carnis
426 3022 464 3079 ut
492 3016 732 3095 demonstraret,
762 3016 913 3095 adiunxit,
947 3035 1026 3099 quae
1055 3035 1151 3099 supra
1183 3018 1451 3083 commemoraui:

295 3122 499 3187 manifesta
527 3126 651 3187 autem
680 3126 769 3188 sunt
798 3142 910 3207 opera
937 3122 1072 3200 carnis,
1098 3144 1191 3206 quae
1221 3128 1311 3189 sunt
1333 3124 1452 3190 furni-

384 3367 496 3423 4Rom.
517 3368 543 3431 8,
564 3367 597 3421 13
654 3365 793 3431 76115,
815 3367 918 3421 19-21
982 3369 1014 3423 16
1035 3366 1094 3422 Gal.
1114 3368 1140 3432 5,
1161 3366 1266 3423 16-18
1331 3370 1367 3422 24
1387 3369 1453 3424 Gal.

296 3458 322 3519 5,
343 3457 376 3509 19

333 3579 541 3649 lostenditque
560 3580 591 3633 X
707 3583 736 3633 et
754 3596 805 3633 om.
829 3579 1076 3647 ammaum,
1095 3596 1131 3634 er.
1150 3581 1181 3633 io
1199 3580 1229 3634 D
1346 3583 1380 3634 ut
1397 3598 1454 3636 oen.

300 3668 526 3735 TM¹A¹Uls¹BQ
546 3686 582 3723 er.
601 3671 633 3722 in
650 3669 681 3723 D
762 3671 778 3722 2
799 3668 923 3724 accendit
941 3686 992 3723 om.
1015 3669 1090 3724 Cer.
1109 3670 1141 3723 in
1159 3668 1190 3723 D
1270 3670 1288 3723 3
1306 3670 1454 3741 expressit]

296 3758 417 3812 ostendit
436 3758 498 3811 DX
575 3758 664 3812 uoluit
682 3758 841 3813 mortificari
861 3758 923 3811 de
992 3758 1135 3813 ⁴lecilieet
1153 3775 1236 3828 opera
1253 3758 1303 3813 aa
1320 3758 1457 3815 uidelicet

296 3862 379 3916 opera
399 3846 467 3900 (lsai
540 3848 642 3915 autem]
663 3846 781 3899 enimT
853 3846 923 3899 aad
942 3847 1049 3916 galatas
1068 3846 1233 3900 scribentem
1254 3847 1297 3900 ca
1363 3847 1454 3917 lga-

295 3936 385 3990 lathas
404 3934 464 3989 DX
537 3939 600 3989 sunt
619 3938 708 3988 antem
729 3934 778 3989 Ro
831 3936 986 3990 81nxoriae
1005 3936 1078 3989 MB¹
1136 3936 1169 3989 10
1188 3936 1367 3989 emulationes
1386 3936 1456 3991 MR

296 4024 404 4077 hereses
427 4022 514 4077 TAM
567 4024 597 4076 11
619 4022 798 4077 ebrltatesT
851 4026 1088 4078 commessationes
1111 4022 1242 4079 TMCer
1297 4024 1331 4078 13
1344 4024 1455 4078 bellum
1549 4027 1551 4034 '

296 4111 481 4167 etiamibiC
571 4113 604 4167 14
622 4113 672 4166 hos
691 4114 789 4168 orat*
878 4116 911 4168 16
930 4114 1053 4183 superius
1071 4114 1134 4168 DX
1218 4114 1251 4167 17
1270 4129 1325 4166 non
1343 4112 1458 4167 DCluX
1549 4133 1551 4194 ξ

295 4202 442 4273 perficietis
461 4200 566 4254 DCer
583 4202 752 4271 perfeceritis
771 4202 821 4257 Ro
912 4204 944 4256 19
963 4204 1079 4256 inuicem
1099 4203 1151 4257 sibi
1170 4202 1227 4256 Dc
1323 4202 1378 4255 sibi
1396 4220 1454 4257 om.
1549 4199 1551 4240 ῑ

295 4290 509 4346 MAClsBXRd
599 4292 633 4345 20
653 4308 684 4345 ea
703 4310 753 4347 ons.
776 4291 801 4343 (7
902 4292 1129 4362 quaecumqueC
1230 4292 1279 4345 illa
1296 4291 1408 4345 faciatis
1431 4294 1458 4345 C
1549 4296 1551 4342 t

297 4382 435 4436 doec
487 4381 521 4433 aa
541 4381 697 4435 esurum
1549 4363 1551 4416 :
