3109 4959
288 453 352 516 594
650 449 677 505 S.
705 450 842 504 Aureli
869 450 1088 520 Augustini

289 646 372 708 dum
396 643 598 726 imaginem
624 643 716 719 eius,
742 644 804 725 qui
829 645 978 708 creauit
1002 662 1093 708 cum.
1118 644 1190 726 quis
1214 627 1435 710 dubitet'baur

287 752 527 818 renouatiouem
549 749 581 813 in
606 753 712 814 mente
735 749 825 814 fieri?
849 749 906 814 scd
929 753 962 814 et
985 751 1041 831 qui
1064 751 1200 828 dubitat!
1214 752 1334 838 audiat
1355 771 1436 836 aper·

287 860 401 924 tiorem
426 857 625 922 sententiam.
651 855 760 921 eadem
780 857 898 940 quippe
917 857 1089 922 admoneus
1109 859 1155 922 ita
1174 858 1255 922 dicit
1272 859 1336 924 alio
1356 860 1437 924 loco:

289 966 391 1030 siout
428 967 485 1028 ast
522 965 667 1030 ueritas
701 964 737 1026 in
770 963 869 1039 lesu,
902 963 1088 1046 deponere
1125 983 1194 1029 uos
1232 966 1437 1030 secundum

287 1073 451 1158 priorem
479 1069 808 1136 conuersationem
837 1073 1006 1134 ueterem
1033 1071 1229 1149 bominem,
1259 1091 1343 1137 eum
1376 1074 1473 1154 quis

289 1179 545 1262 corrumpitur
580 1177 784 1241 secuudum
819 1178 1155 1259 concupiscentias
1189 1178 1437 1261 deceptionis.

289 1285 525 1352 reuouumiui
554 1287 678 1348 autem
711 1283 852 1365 spiritu
881 1285 1020 1349 mentis
1049 1287 1203 1350 uestrae
1231 1289 1268 1350 et
1293 1287 1437 1350 induite

289 1413 423 1458 nouum
457 1391 652 1466 hominem,
688 1383 769 1454 euin
802 1389 866 1472 qui
899 1390 1108 1454 secuudum
1140 1391 1250 1456 deum
1288 1397 1438 1458 creatus

289 1505 357 1566 est.
401 1497 476 1582 quid
509 1501 605 1580 ergo?
647 1497 796 1561 mulieres
832 1516 893 1561 uou
931 1497 1049 1561 babent
1084 1498 1165 1562 hanc
1202 1500 1437 1564 innonatiouem

288 1607 415 1683 mentis,
440 1605 496 1670 ubi
524 1609 574 1669 est
599 1604 705 1687 imago
735 1603 807 1668 dei?
847 1604 918 1685 quis
946 1604 1008 1669 hoc
1036 1594 1179 1670 dixerit?¹
1209 1605 1279 1671 sed·
1300 1609 1476 1690 corporisne

288 1716 340 1779 sui
364 1733 439 1778 sexu
462 1731 523 1776 nou
548 1730 615 1775 earu
637 1710 831 1794 significant
855 1713 1022 1794 propterea
1044 1711 1145 1775 uelari
1163 1711 1327 1776 iubentur.
1353 1713 1437 1777 illam

289 1822 408 1904 quippe
441 1817 620 1902 significant
645 1820 768 1899 partem
801 1835 838 1881 eo
867 1817 949 1899 ipso,
978 1836 1040 1899 quo
1069 1817 1219 1882 mulieres
1247 1823 1337 1897 sunt,
1361 1839 1438 1901 quaa

288 1925 588 2009 concupiscentialis
613 1925 677 1988 dici
700 1928 819 2006 potest,
843 1925 896 1988 cui
919 1943 1010 1988 meus
1035 1925 1224 2002 dominatur,
1249 1928 1348 1990 etiam
1372 1928 1439 2011 ipsa
1546 1960 1547 1965 κ

288 2033 418 2098 subdita
446 2032 503 2095 deo
533 2051 601 2108 suo,
626 2031 750 2114 quaudo
778 2031 958 2095 rectissima
985 2034 1018 2095 et
1046 2032 1283 2096 ordinatissime
1308 2034 1438 2099 uiuitur.
1546 2048 1547 2087 l

289 2139 374 2224 quod
398 2158 471 2222 ergo
497 2143 546 2203 est
568 2139 599 2202 iu
624 2158 686 2202 uuo
710 2138 838 2202 bomine
864 2158 955 2202 meus
979 2141 1012 2202 ot
1035 2139 1294 2221 coucupiscentia
1317 2177 1363 2186 ——
1386 2142 1439 2205 illa
1454 2161 1476 2199 c

288 2247 381 2332 regit,
409 2246 486 2310 hacc
511 2247 652 2330 regitur·;
686 2244 742 2309 illa
768 2245 959 2323 dominatur,
983 2245 1060 2309 haec
1085 2246 1233 2310 subditur
1255 2283 1301 2292 —-
1325 2248 1388 2312 hoc
1407 2249 1437 2311 iu

289 2353 414 2418 duobus
438 2352 630 2428 hominibus,
654 2352 722 2416 uiro
747 2356 779 2415 et
803 2350 946 2429 muliere,
966 2351 1141 2416 secuudum
1165 2371 1274 2416 sexum
1301 2355 1439 2437 corporis

288 2459 452 2543 figuratur.
491 2458 529 2522 dc
558 2476 619 2540 quo
650 2461 845 2522 sacramento
873 2458 1008 2540 loquens
1036 2458 1201 2539 apostolus
1230 2459 1313 2523 dicit
1335 2461 1439 2524 uirum
1546 2456 1547 2501 Ὗ

288 2585 348 2632 nou
374 2565 486 2629 debere
510 2565 621 2638 aeleri,
641 2563 697 2628 sed
717 2563 830 2628 debere
849 2564 1028 2628 mulierem.
1051 2567 1140 2628 tauto
1161 2565 1246 2628 anim
1266 2565 1438 2649 gloriosius
1546 2552 1547 2567 ¹

289 2692 377 2737 ruens
402 2673 442 2735 ad
466 2672 627 2754 superiora
650 2673 867 2754 promouetur,
893 2673 1009 2752 quanto
1039 2670 1225 2754 diligentius
1250 2673 1290 2736 ab
1315 2673 1439 2738 inferio·
1454 2691 1477 2730 u
1546 2658 1547 2671 ¹

288 2779 376 2845 ribus
410 2777 666 2860 concupiscentia
699 2777 874 2854 cohibetur,
905 2777 1004 2841 donec
1030 2781 1119 2842 totus
1146 2778 1242 2842 homo
1271 2780 1438 2861 cumipse

290 2887 387 2950 etiam
416 2884 543 2948 mortali
573 2903 654 2948 nuuc
679 2885 712 2946 et
735 2883 840 2966 fragili
871 2901 1000 2964 corpore
1022 2884 1055 2946 in
1077 2883 1311 2948 resurrectione
1335 2887 1440 2950 uouis-
1546 2890 1547 2929 ³

289 2993 370 3056 sima
392 2990 626 3071 incorruptione
651 2992 744 3070 atque
764 2990 992 3054 inmortalitate
1010 2989 1160 3054 induatur
1179 2994 1212 3054 et
1230 2991 1440 3056 absorbeatur
1546 2976 1547 3011 ³

288 3118 372 3162 mors
396 3098 427 3162 iu
453 3097 629 3161 uictoriam.

333 3204 479 3269 XXXlll.
505 3205 557 3266 41.
594 3201 792 3286 Quapropter
820 3203 876 3284 qui
902 3205 990 3267 recta
1017 3203 1121 3267 faceia
1143 3204 1268 3282 uolunt,
1293 3205 1440 3270 desinant
1456 3219 1478 3255 ³

289 3312 401 3375 saltem
426 3309 538 3374 (locere
561 3327 718 3390 peruersa.
745 3309 802 3372 sed
825 3308 879 3372 alii
903 3313 987 3386 suut,
1013 3328 1091 3390 quos
1114 3309 1178 3372 isto
1203 3329 1352 3375 sermone
1377 3329 1441 3375 cor-

288 3416 437 3499 ripimus:
473 3416 546 3480 illos
581 3419 686 3480 autem
720 3415 775 3498 qui
807 3416 867 3479 hoc
899 3435 962 3479 uuo
994 3415 1074 3479 uitio
1108 3415 1297 3497 capillorum
1331 3426 1442 3481 contra

375 3679 392 3730 r
412 3676 479 3746 apa.
498 3678 523 3740 4,
543 3677 650 3729 ar-ar
703 3677 735 3729 ar
757 3675 790 3730 er.
810 3675 903 3732 1001.
923 3678 965 3740 rs,
985 3677 1020 3730 54

325 3827 341 3878 2
360 3829 444 3894 apert.
464 3829 533 3882 seut.
553 3825 647 3880 audiat
660 3826 694 3879 N
735 3827 750 3880 3
771 3843 898 3880 amouens
912 3827 940 3879 A
960 3834 1088 3880 amouens
1102 3825 1180 3896 Dan
1226 3829 1329 3898 laos]
1349 3845 1403 3881 nos
1417 3828 1442 3880 A

288 3915 531 3984 ddeccptiouesp
595 3916 720 3968 lautam
741 3932 792 3969 orn.
812 3917 840 3968 B
903 3915 1018 3968 8deum
1037 3915 1145 3969 ooaM
1205 3915 1446 3972 thousand!

287 4003 488 4057 inuocationem
507 4003 546 4056 Βι
617 4006 645 4057 l]
668 4021 746 4058 sexus
766 4005 886 4072 ΡΠΜγ1
957 4009 1069 4074 propter
1087 4005 1186 4058 bacD
1255 4007 1290 4060 13
1311 4007 1441 4076 concupi-

289 4091 436 4161 scentialia]
458 4093 676 4161 coucupiscentia
696 4093 726 4145 ur
745 4095 771 4147 A
846 4094 879 4146 14
898 4091 948 4146 deo
968 4109 1016 4145 auo
1036 4091 1190 4145 subdituri
1273 4094 1308 4146 15
1328 4094 1397 4163 qnid
1415 4095 1440 4144 A

290 4185 414 4248 astorgo
433 4180 469 4232 M
539 4181 586 4234 illa
606 4182 675 4234 enim
693 4182 728 4235 bd
785 4184 817 4235 19
837 4181 895 4250 sed]
917 4181 987 4234 seB
1059 4181 1157 4234 debere
1175 4181 1274 4234 ouaD
1325 4183 1359 4235 21
1377 4199 1440 4234 con·

289 4270 461 4339 cupiscenliis
475 4270 580 4338 PDMr
618 4273 651 4324 23
671 4271 849 4324 absorbeatur
863 4270 896 4323 N
910 4269 1072 4323 absoruatur
1084 4269 1113 4322 P
1145 4271 1181 4323 24
1199 4270 1318 4324 uictoria
1331 4269 1440 4336 PDM:

289 4360 322 4412 25
343 4363 521 4428 qucapropter
538 4359 565 4412 L
637 4360 735 4430 facere]
757 4360 860 4415 discere
879 4361 915 4414 M
967 4361 1001 4414 27
1021 4359 1073 4414 hoc
1091 4376 1142 4416 om.
1162 4359 1269 4430 Pomp
