<?xml version="1.0" encoding="UTF-8"?>
<!DOCTYPE html PUBLIC "-//W3C//DTD XHTML 1.0 Transitional//EN"
    "http://www.w3.org/TR/xhtml1/DTD/xhtml1-transitional.dtd">
<html xmlns="http://www.w3.org/1999/xhtml" xml:lang="en" lang="en">
 <head>
  <title>
</title>
<meta http-equiv="Content-Type" content="text/html;charset=utf-8" />
  <meta name='ocr-system' content='tesseract 3.04.00' />
  <meta name='ocr-capabilities' content='ocr_page ocr_carea ocr_par ocr_line ocrx_word'/>
</head>
<body>
  <div class='ocr_page' id='page_1' title='image "./corpusscriptoru18wiengoog_0603.png"; bbox 0 0 3109 4959; ppageno 0'>
   <div class='ocr_carea' id='block_1_1' title="bbox 463 399 1283 470">
    <p class='ocr_par' dir='ltr' id='par_1_1' title="bbox 463 399 1283 470">
     <span class='ocr_line' id='line_1_1' title="bbox 463 399 1283 470; baseline 0.006 -14"><span class='ocrx_word' id='word_1_1' title='bbox 463 399 506 467; x_wconf 73' lang='lat' dir='ltr'><strong>de</strong></span> <span class='ocrx_word' id='word_1_2' title='bbox 534 417 651 470; x_wconf 87' lang='lat' dir='ltr'><strong>opere</strong></span> <span class='ocrx_word' id='word_1_3' title='bbox 677 401 949 456; x_wconf 83' lang='lat' dir='ltr'><strong>monachorum</strong></span> <span class='ocrx_word' id='word_1_4' title='bbox 1216 407 1283 470; x_wconf 86' lang='grc'><strong>543</strong></span> 
     </span>
    </p>
   </div>
   <div class='ocr_carea' id='block_1_2' title="bbox 45 596 1283 3130">
    <p class='ocr_par' dir='ltr' id='par_1_2' title="bbox 95 596 1283 1322">
     <span class='ocr_line' id='line_1_2' title="bbox 130 596 1283 682; baseline 0.001 -21"><span class='ocrx_word' id='word_1_5' title='bbox 130 596 359 662; x_wconf 75' lang='lat' dir='ltr'><strong>dubitationem</strong></span> <span class='ocrx_word' id='word_1_6' title='bbox 385 598 479 663; x_wconf 85' lang='lat' dir='ltr'><strong>etiam</strong></span> <span class='ocrx_word' id='word_1_7' title='bbox 498 598 691 664; x_wconf 80' lang='lat' dir='ltr'><strong>tardissimis</strong></span> <span class='ocrx_word' id='word_1_8' title='bbox 711 597 871 675; x_wconf 80' lang='lat' dir='ltr'><strong>cordibus,</strong></span> <span class='ocrx_word' id='word_1_9' title='bbox 891 601 928 662; x_wconf 90' lang='lat' dir='ltr'><strong>ut</strong></span> <span class='ocrx_word' id='word_1_10' title='bbox 946 598 1143 682; x_wconf 75' lang='lat' dir='ltr'><strong>intellegant,</strong></span> <span class='ocrx_word' id='word_1_11' title='bbox 1163 599 1200 663; x_wconf 94' lang='lat' dir='ltr'><strong>de</strong></span> <span class='ocrx_word' id='word_1_12' title='bbox 1220 618 1283 681; x_wconf 87' lang='lat' dir='ltr'><strong>qua</strong></span> 
     </span>
     <span class='ocr_line' id='line_1_3' title="bbox 130 703 1282 787; baseline 0.002 -19"><span class='ocrx_word' id='word_1_13' title='bbox 130 704 310 784; x_wconf 90' lang='lat' dir='ltr'><strong>operatione</strong></span> <span class='ocrx_word' id='word_1_14' title='bbox 325 704 420 769; x_wconf 87' lang='lat' dir='ltr'><strong>dieat.</strong></span> <span class='ocrx_word' id='word_1_15' title='bbox 440 709 477 768; x_wconf 89' lang='lat' dir='ltr'><strong>nt</strong></span> <span class='ocrx_word' id='word_1_16' title='bbox 497 704 572 787; x_wconf 88' lang='lat' dir='ltr'><strong>quid</strong></span> <span class='ocrx_word' id='word_1_17' title='bbox 592 705 675 768; x_wconf 91' lang='lat' dir='ltr'><strong>enim</strong></span> <span class='ocrx_word' id='word_1_18' title='bbox 695 706 753 768; x_wconf 88' lang='lat' dir='ltr'><strong>ait:</strong></span> <span class='ocrx_word' id='word_1_19' title='bbox 778 722 823 768; x_wconf 85' lang='lat' dir='ltr'><strong>an</strong></span> <span class='ocrx_word' id='word_1_20' title='bbox 848 723 920 787; x_wconf 84' lang='lat' dir='ltr'><strong>ego</strong></span> <span class='ocrx_word' id='word_1_21' title='bbox 944 703 1060 770; x_wconf 87' lang='lat' dir='ltr'><strong>solus</strong></span> <span class='ocrx_word' id='word_1_22' title='bbox 1080 711 1120 768; x_wconf 90' lang='lat' dir='ltr'><strong>et</strong></span> <span class='ocrx_word' id='word_1_23' title='bbox 1138 704 1282 770; x_wconf 85' lang='lat' dir='ltr'><strong>Barna·</strong></span> 
     </span>
     <span class='ocr_line' id='line_1_4' title="bbox 129 810 1283 894; baseline 0.003 -21"><span class='ocrx_word' id='word_1_24' title='bbox 129 810 199 875; x_wconf 84' lang='lat' dir='ltr'><strong>bus</strong></span> <span class='ocrx_word' id='word_1_25' title='bbox 231 831 305 876; x_wconf 92' lang='lat' dir='ltr'><strong>non</strong></span> <span class='ocrx_word' id='word_1_26' title='bbox 338 811 531 876; x_wconf 91' lang='lat' dir='ltr'><strong>habemus</strong></span> <span class='ocrx_word' id='word_1_27' title='bbox 567 813 820 894; x_wconf 88' lang='lat' dir='ltr'><strong>potestatem</strong></span> <span class='ocrx_word' id='word_1_28' title='bbox 857 830 931 876; x_wconf 92' lang='lat' dir='ltr'><strong>non</strong></span> <span class='ocrx_word' id='word_1_29' title='bbox 966 810 1187 891; x_wconf 80' lang='lat' dir='ltr'><strong>operandi?</strong></span> <span class='ocrx_word' id='word_1_30' title='bbox 1219 812 1283 876; x_wconf 90' lang='lat' dir='ltr'><strong>nisi</strong></span> 
     </span>
     <span class='ocr_line' id='line_1_5' title="bbox 130 915 1282 1001; baseline 0.002 -22"><span class='ocrx_word' id='word_1_31' title='bbox 130 919 205 998; x_wconf 86' lang='lat' dir='ltr'><strong>qnia</strong></span> <span class='ocrx_word' id='word_1_32' title='bbox 228 936 337 982; x_wconf 88' lang='lat' dir='ltr'><strong>ornnes</strong></span> <span class='ocrx_word' id='word_1_33' title='bbox 361 918 577 1001; x_wconf 83' lang='lat' dir='ltr'><strong>euangelistae</strong></span> <span class='ocrx_word' id='word_1_34' title='bbox 602 923 634 981; x_wconf 90' lang='lat' dir='ltr'><strong>et</strong></span> <span class='ocrx_word' id='word_1_35' title='bbox 662 917 801 981; x_wconf 90' lang='lat' dir='ltr'><strong>ministri</strong></span> <span class='ocrx_word' id='word_1_36' title='bbox 824 917 914 984; x_wconf 89' lang='lat' dir='ltr'><strong>uerbi</strong></span> <span class='ocrx_word' id='word_1_37' title='bbox 939 915 989 980; x_wconf 91' lang='lat' dir='ltr'><strong>dei</strong></span> <span class='ocrx_word' id='word_1_38' title='bbox 1012 917 1171 981; x_wconf 80' lang='lat' dir='ltr'><strong>habebant</strong></span> <span class='ocrx_word' id='word_1_39' title='bbox 1193 924 1282 999; x_wconf 90' lang='lat' dir='ltr'><strong>pote-</strong></span> 
     </span>
     <span class='ocr_line' id='line_1_6' title="bbox 95 1023 1279 1107; baseline 0.004 -24"><span class='ocrx_word' id='word_1_40' title='bbox 95 1025 246 1088; x_wconf 82' lang='lat' dir='ltr'><strong>estatem</strong></span> <span class='ocrx_word' id='word_1_41' title='bbox 270 1045 288 1090; x_wconf 92' lang='lat' dir='ltr'><strong>a</strong></span> <span class='ocrx_word' id='word_1_42' title='bbox 312 1024 437 1090; x_wconf 90' lang='lat' dir='ltr'><strong>domino</strong></span> <span class='ocrx_word' id='word_1_43' title='bbox 462 1027 636 1107; x_wconf 77' lang='lat' dir='ltr'><strong>acceptam,</strong></span> <span class='ocrx_word' id='word_1_44' title='bbox 659 1026 779 1088; x_wconf 91' lang='lat' dir='ltr'><strong>utnon</strong></span> <span class='ocrx_word' id='word_1_45' title='bbox 805 1025 1008 1105; x_wconf 88' lang='lat' dir='ltr'><strong>operarentur</strong></span> <span class='ocrx_word' id='word_1_46' title='bbox 1029 1023 1177 1104; x_wconf 82' lang='lat' dir='ltr'><strong>manibus</strong></span> <span class='ocrx_word' id='word_1_47' title='bbox 1202 1024 1279 1102; x_wconf 90' lang='lat' dir='ltr'><strong>suis,</strong></span> 
     </span>
     <span class='ocr_line' id='line_1_7' title="bbox 128 1128 1280 1215; baseline 0.002 -22"><span class='ocrx_word' id='word_1_48' title='bbox 128 1130 186 1194; x_wconf 91' lang='lat' dir='ltr'><strong>sed</strong></span> <span class='ocrx_word' id='word_1_49' title='bbox 210 1149 246 1194; x_wconf 81' lang='lat' dir='ltr'><strong>ex</strong></span> <span class='ocrx_word' id='word_1_50' title='bbox 269 1131 434 1215; x_wconf 84' lang='lat' dir='ltr'><strong>euangelio</strong></span> <span class='ocrx_word' id='word_1_51' title='bbox 458 1131 616 1208; x_wconf 88' lang='lat' dir='ltr'><strong>uiuerent,</strong></span> <span class='ocrx_word' id='word_1_52' title='bbox 642 1133 807 1213; x_wconf 85' lang='lat' dir='ltr'><strong>operantes</strong></span> <span class='ocrx_word' id='word_1_53' title='bbox 830 1128 1051 1195; x_wconf 83' lang='lat' dir='ltr'><strong>tantummodo</strong></span> <span class='ocrx_word' id='word_1_54' title='bbox 1075 1129 1231 1213; x_wconf 84' lang='lat' dir='ltr'><strong>spiritalia</strong></span> <span class='ocrx_word' id='word_1_55' title='bbox 1247 1132 1280 1196; x_wconf 91' lang='lat' dir='ltr'><strong>in</strong></span> 
     </span>
     <span class='ocr_line' id='line_1_8' title="bbox 126 1235 1279 1322; baseline 0.003 -22"><span class='ocrx_word' id='word_1_56' title='bbox 126 1236 361 1319; x_wconf 88' lang='lat' dir='ltr'><strong>praedieatione</strong></span> <span class='ocrx_word' id='word_1_57' title='bbox 388 1238 477 1322; x_wconf 85' lang='lat' dir='ltr'><strong>regni</strong></span> <span class='ocrx_word' id='word_1_58' title='bbox 505 1238 663 1302; x_wconf 80' lang='lat' dir='ltr'><strong>caelorum</strong></span> <span class='ocrx_word' id='word_1_59' title='bbox 692 1240 724 1300; x_wconf 90' lang='lat' dir='ltr'><strong>et</strong></span> <span class='ocrx_word' id='word_1_60' title='bbox 752 1235 971 1301; x_wconf 81' lang='lat' dir='ltr'><strong>aedificatione</strong></span> <span class='ocrx_word' id='word_1_61' title='bbox 998 1236 1087 1316; x_wconf 89' lang='lat' dir='ltr'><strong>paois</strong></span> <span class='ocrx_word' id='word_1_62' title='bbox 1116 1238 1279 1303; x_wconf 83' lang='lat' dir='ltr'><strong>eeclesiae.</strong></span> 
     </span>
    </p>

    <p class='ocr_par' dir='ltr' id='par_1_3' title="bbox 45 1342 1279 1959">
     <span class='ocr_line' id='line_1_9' title="bbox 45 1342 1278 1426; baseline 0.004 -23"><span class='ocrx_word' id='word_1_63' title='bbox 45 1393 51 1403; x_wconf 92' lang='lat'>.</span> <span class='ocrx_word' id='word_1_64' title='bbox 126 1363 231 1426; x_wconf 86' lang='lat' dir='ltr'><strong>neque</strong></span> <span class='ocrx_word' id='word_1_65' title='bbox 260 1345 343 1408; x_wconf 89' lang='lat' dir='ltr'><strong>enim</strong></span> <span class='ocrx_word' id='word_1_66' title='bbox 372 1345 540 1426; x_wconf 89' lang='lat' dir='ltr'><strong>qnisquam</strong></span> <span class='ocrx_word' id='word_1_67' title='bbox 568 1347 677 1426; x_wconf 83' lang='lat' dir='ltr'><strong>potest</strong></span> <span class='ocrx_word' id='word_1_68' title='bbox 705 1343 809 1408; x_wconf 89' lang='lat' dir='ltr'><strong>dioere</strong></span> <span class='ocrx_word' id='word_1_69' title='bbox 838 1343 876 1407; x_wconf 91' lang='lat' dir='ltr'><strong>de</strong></span> <span class='ocrx_word' id='word_1_70' title='bbox 909 1342 980 1425; x_wconf 87' lang='lat' dir='ltr'><strong>ipsa</strong></span> <span class='ocrx_word' id='word_1_71' title='bbox 1008 1342 1145 1424; x_wconf 88' lang='lat' dir='ltr'><strong>spiritali</strong></span> <span class='ocrx_word' id='word_1_72' title='bbox 1173 1363 1278 1426; x_wconf 87' lang='lat' dir='ltr'><strong>opera·</strong></span> 
     </span>
     <span class='ocr_line' id='line_1_10' title="bbox 125 1448 1277 1533; baseline 0.002 -20"><span class='ocrx_word' id='word_1_73' title='bbox 125 1449 214 1513; x_wconf 88' lang='lat' dir='ltr'><strong>tione</strong></span> <span class='ocrx_word' id='word_1_74' title='bbox 243 1449 359 1516; x_wconf 87' lang='lat' dir='ltr'><strong>dixisse</strong></span> <span class='ocrx_word' id='word_1_75' title='bbox 384 1450 580 1533; x_wconf 87' lang='lat' dir='ltr'><strong>apostolum:</strong></span> <span class='ocrx_word' id='word_1_76' title='bbox 608 1469 651 1514; x_wconf 89' lang='lat' dir='ltr'><strong>an</strong></span> <span class='ocrx_word' id='word_1_77' title='bbox 677 1469 748 1533; x_wconf 82' lang='lat' dir='ltr'><strong>ego</strong></span> <span class='ocrx_word' id='word_1_78' title='bbox 773 1448 888 1513; x_wconf 89' lang='lat' dir='ltr'><strong>solus</strong></span> <span class='ocrx_word' id='word_1_79' title='bbox 913 1453 951 1512; x_wconf 89' lang='lat' dir='ltr'><strong>et</strong></span> <span class='ocrx_word' id='word_1_80' title='bbox 974 1448 1181 1514; x_wconf 84' lang='lat' dir='ltr'><strong>Barnabas</strong></span> <span class='ocrx_word' id='word_1_81' title='bbox 1205 1470 1277 1516; x_wconf 91' lang='lat' dir='ltr'><strong>non</strong></span> 
     </span>
     <span class='ocr_line' id='line_1_11' title="bbox 78 1555 1279 1641; baseline 0.003 -23"><span class='ocrx_word' id='word_1_82' title='bbox 78 1580 104 1618; x_wconf 78' lang='grc' dir='ltr'><strong>ιο</strong></span> <span class='ocrx_word' id='word_1_83' title='bbox 127 1555 322 1620; x_wconf 89' lang='lat' dir='ltr'><strong>habemus</strong></span> <span class='ocrx_word' id='word_1_84' title='bbox 350 1561 605 1641; x_wconf 86' lang='lat' dir='ltr'><strong>potestatam</strong></span> <span class='ocrx_word' id='word_1_85' title='bbox 634 1575 708 1620; x_wconf 93' lang='lat' dir='ltr'><strong>non</strong></span> <span class='ocrx_word' id='word_1_86' title='bbox 737 1555 953 1640; x_wconf 79' lang='lat' dir='ltr'><strong>operandi?</strong></span> <span class='ocrx_word' id='word_1_87' title='bbox 978 1555 1165 1620; x_wconf 84' lang='lat' dir='ltr'><strong>bennonim</strong></span> <span class='ocrx_word' id='word_1_88' title='bbox 1191 1559 1279 1640; x_wconf 89' lang='lat' dir='ltr'><strong>pote-</strong></span> 
     </span>
     <span class='ocr_line' id='line_1_12' title="bbox 126 1661 1278 1746; baseline -0.001 -18"><span class='ocrx_word' id='word_1_89' title='bbox 126 1666 243 1728; x_wconf 88' lang='lat' dir='ltr'><strong>statem</strong></span> <span class='ocrx_word' id='word_1_90' title='bbox 281 1682 341 1728; x_wconf 92' lang='lat' dir='ltr'><strong>non</strong></span> <span class='ocrx_word' id='word_1_91' title='bbox 380 1664 529 1746; x_wconf 90' lang='lat' dir='ltr'><strong>operandi</strong></span> <span class='ocrx_word' id='word_1_92' title='bbox 563 1682 672 1728; x_wconf 90' lang='lat' dir='ltr'><strong>omnes</strong></span> <span class='ocrx_word' id='word_1_93' title='bbox 704 1663 753 1727; x_wconf 92' lang='lat' dir='ltr'><strong>illi</strong></span> <span class='ocrx_word' id='word_1_94' title='bbox 786 1662 955 1727; x_wconf 87' lang='lat' dir='ltr'><strong>hebebant.</strong></span> <span class='ocrx_word' id='word_1_95' title='bbox 998 1661 1084 1726; x_wconf 87' lang='lat' dir='ltr'><strong>dieat</strong></span> <span class='ocrx_word' id='word_1_96' title='bbox 1116 1682 1189 1746; x_wconf 86' lang='lat' dir='ltr'><strong>ergo</strong></span> <span class='ocrx_word' id='word_1_97' title='bbox 1223 1664 1278 1745; x_wconf 92' lang='lat' dir='ltr'><strong>qui</strong></span> 
     </span>
     <span class='ocr_line' id='line_1_13' title="bbox 125 1768 1277 1853; baseline 0 -19"><span class='ocrx_word' id='word_1_98' title='bbox 125 1774 259 1834; x_wconf 86' lang='lat' dir='ltr'><strong>conatur</strong></span> <span class='ocrx_word' id='word_1_99' title='bbox 290 1773 457 1853; x_wconf 80' lang='lat' dir='ltr'><strong>praerepta</strong></span> <span class='ocrx_word' id='word_1_100' title='bbox 489 1769 663 1853; x_wconf 88' lang='lat' dir='ltr'><strong>apostoliea</strong></span> <span class='ocrx_word' id='word_1_101' title='bbox 694 1769 725 1834; x_wconf 93' lang='lat' dir='ltr'><strong>in</strong></span> <span class='ocrx_word' id='word_1_102' title='bbox 759 1768 949 1834; x_wconf 83' lang='lat' dir='ltr'><strong>sententiam</strong></span> <span class='ocrx_word' id='word_1_103' title='bbox 982 1787 1072 1832; x_wconf 88' lang='lat' dir='ltr'><strong>suam</strong></span> <span class='ocrx_word' id='word_1_104' title='bbox 1106 1769 1277 1851; x_wconf 85' lang='lat' dir='ltr'><strong>deprauare</strong></span> 
     </span>
     <span class='ocr_line' id='line_1_14' title="bbox 125 1874 1277 1959; baseline 0.001 -20"><span class='ocrx_word' id='word_1_105' title='bbox 125 1880 223 1958; x_wconf 85' lang='lat' dir='ltr'><strong>atque</strong></span> <span class='ocrx_word' id='word_1_106' title='bbox 246 1881 435 1958; x_wconf 89' lang='lat' dir='ltr'><strong>peruertere,</strong></span> <span class='ocrx_word' id='word_1_107' title='bbox 460 1876 555 1944; x_wconf 84' lang='lat' dir='ltr'><strong>dieat.</strong></span> <span class='ocrx_word' id='word_1_108' title='bbox 576 1875 604 1940; x_wconf 92' lang='lat' dir='ltr'><strong>si</strong></span> <span class='ocrx_word' id='word_1_109' title='bbox 627 1875 732 1946; x_wconf 81' lang='lat' dir='ltr'><strong>audet,</strong></span> <span class='ocrx_word' id='word_1_110' title='bbox 753 1893 861 1938; x_wconf 90' lang='lat' dir='ltr'><strong>omnes</strong></span> <span class='ocrx_word' id='word_1_111' title='bbox 881 1874 1094 1959; x_wconf 83' lang='lat' dir='ltr'><strong>euangelistae</strong></span> <span class='ocrx_word' id='word_1_112' title='bbox 1113 1876 1277 1958; x_wconf 88' lang='lat' dir='ltr'><strong>aoeepisse</strong></span> 
     </span>
    </p>

    <p class='ocr_par' dir='ltr' id='par_1_4' title="bbox 74 1979 1276 3130">
     <span class='ocr_line' id='line_1_15' title="bbox 125 1979 1276 2066; baseline -0.001 -19"><span class='ocrx_word' id='word_1_113' title='bbox 125 2003 144 2047; x_wconf 85' lang='lat' dir='ltr'><strong>a</strong></span> <span class='ocrx_word' id='word_1_114' title='bbox 170 1983 296 2048; x_wconf 90' lang='lat' dir='ltr'><strong>domino</strong></span> <span class='ocrx_word' id='word_1_115' title='bbox 319 1987 511 2066; x_wconf 88' lang='lat' dir='ltr'><strong>potestatem</strong></span> <span class='ocrx_word' id='word_1_116' title='bbox 535 2002 595 2046; x_wconf 92' lang='lat' dir='ltr'><strong>non</strong></span> <span class='ocrx_word' id='word_1_117' title='bbox 621 1980 869 2064; x_wconf 87' lang='lat' dir='ltr'><strong>euangelizandi.</strong></span> <span class='ocrx_word' id='word_1_118' title='bbox 898 1984 931 2045; x_wconf 88' lang='lat' dir='ltr'><strong>at</strong></span> <span class='ocrx_word' id='word_1_119' title='bbox 954 1981 981 2044; x_wconf 89' lang='lat' dir='ltr'><strong>si</strong></span> <span class='ocrx_word' id='word_1_120' title='bbox 1004 1979 1066 2044; x_wconf 89' lang='lat' dir='ltr'><strong>hoo</strong></span> <span class='ocrx_word' id='word_1_121' title='bbox 1088 1981 1276 2046; x_wconf 87' lang='lat' dir='ltr'><strong>absurdissi-</strong></span> 
     </span>
     <span class='ocr_line' id='line_1_16' title="bbox 78 2086 1275 2170; baseline 0.001 -20"><span class='ocrx_word' id='word_1_122' title='bbox 78 2113 103 2150; x_wconf 79' lang='lat' dir='ltr'><strong>re</strong></span> <span class='ocrx_word' id='word_1_123' title='bbox 124 2109 214 2154; x_wconf 86' lang='lat' dir='ltr'><strong>mum</strong></span> <span class='ocrx_word' id='word_1_124' title='bbox 240 2093 272 2154; x_wconf 89' lang='lat' dir='ltr'><strong>et</strong></span> <span class='ocrx_word' id='word_1_125' title='bbox 292 2090 531 2154; x_wconf 86' lang='lat' dir='ltr'><strong>insanissimum</strong></span> <span class='ocrx_word' id='word_1_126' title='bbox 557 2091 607 2152; x_wconf 88' lang='lat' dir='ltr'><strong>est</strong></span> <span class='ocrx_word' id='word_1_127' title='bbox 630 2087 744 2164; x_wconf 82' lang='lat' dir='ltr'><strong>dicere,</strong></span> <span class='ocrx_word' id='word_1_128' title='bbox 769 2107 825 2151; x_wconf 88' lang='lat' dir='ltr'><strong>our</strong></span> <span class='ocrx_word' id='word_1_129' title='bbox 847 2087 961 2151; x_wconf 90' lang='lat' dir='ltr'><strong>nolunt</strong></span> <span class='ocrx_word' id='word_1_130' title='bbox 977 2086 1170 2170; x_wconf 78' lang='lat' dir='ltr'><strong>intellegere,</strong></span> <span class='ocrx_word' id='word_1_131' title='bbox 1184 2089 1275 2169; x_wconf 75' lang='lat' dir='ltr'><strong>quod</strong></span> 
     </span>
     <span class='ocr_line' id='line_1_17' title="bbox 120 2194 1275 2279; baseline -0.001 -20"><span class='ocrx_word' id='word_1_132' title='bbox 120 2196 273 2260; x_wconf 90' lang='lat' dir='ltr'><strong>omnibus</strong></span> <span class='ocrx_word' id='word_1_133' title='bbox 288 2200 384 2279; x_wconf 81' lang='lat' dir='ltr'><strong>patet,</strong></span> <span class='ocrx_word' id='word_1_134' title='bbox 404 2197 564 2278; x_wconf 89' lang='lat' dir='ltr'><strong>aooepisse</strong></span> <span class='ocrx_word' id='word_1_135' title='bbox 582 2195 657 2259; x_wconf 91' lang='lat' dir='ltr'><strong>illos</strong></span> <span class='ocrx_word' id='word_1_136' title='bbox 678 2194 805 2276; x_wconf 91' lang='lat' dir='ltr'><strong>quidem</strong></span> <span class='ocrx_word' id='word_1_137' title='bbox 824 2196 1017 2277; x_wconf 86' lang='lat' dir='ltr'><strong>potestatem</strong></span> <span class='ocrx_word' id='word_1_138' title='bbox 1036 2213 1097 2258; x_wconf 92' lang='lat' dir='ltr'><strong>non</strong></span> <span class='ocrx_word' id='word_1_139' title='bbox 1117 2194 1275 2276; x_wconf 86' lang='lat' dir='ltr'><strong>operandi,</strong></span> 
     </span>
     <span class='ocr_line' id='line_1_18' title="bbox 123 2300 1274 2385; baseline 0.001 -19"><span class='ocrx_word' id='word_1_140' title='bbox 123 2302 184 2366; x_wconf 87' lang='lat' dir='ltr'><strong>sed</strong></span> <span class='ocrx_word' id='word_1_141' title='bbox 207 2321 301 2383; x_wconf 86' lang='lat' dir='ltr'><strong>opera</strong></span> <span class='ocrx_word' id='word_1_142' title='bbox 324 2303 507 2385; x_wconf 82' lang='lat' dir='ltr'><strong>corporalia,</strong></span> <span class='ocrx_word' id='word_1_143' title='bbox 533 2301 648 2384; x_wconf 89' lang='lat' dir='ltr'><strong>quibus</strong></span> <span class='ocrx_word' id='word_1_144' title='bbox 672 2301 796 2364; x_wconf 83' lang='lat' dir='ltr'><strong>uictum</strong></span> <span class='ocrx_word' id='word_1_145' title='bbox 816 2303 1010 2383; x_wconf 85' lang='lat' dir='ltr'><strong>quaererent,</strong></span> <span class='ocrx_word' id='word_1_146' title='bbox 1030 2300 1105 2382; x_wconf 83' lang='lat' dir='ltr'><strong>quia</strong></span> <span class='ocrx_word' id='word_1_147' title='bbox 1128 2301 1274 2385; x_wconf 85' lang='lat' dir='ltr'><strong>dignus</strong></span> 
     </span>
     <span class='ocr_line' id='line_1_19' title="bbox 122 2407 1274 2490; baseline 0.001 -19"><span class='ocrx_word' id='word_1_148' title='bbox 122 2410 190 2471; x_wconf 90' lang='lat' dir='ltr'><strong>est</strong></span> <span class='ocrx_word' id='word_1_149' title='bbox 218 2409 430 2490; x_wconf 88' lang='lat' dir='ltr'><strong>operarius</strong></span> <span class='ocrx_word' id='word_1_150' title='bbox 461 2407 549 2472; x_wconf 87' lang='lat' dir='ltr'><strong>cibo</strong></span> <span class='ocrx_word' id='word_1_151' title='bbox 579 2427 649 2472; x_wconf 90' lang='lat' dir='ltr'><strong>euo</strong></span> <span class='ocrx_word' id='word_1_152' title='bbox 679 2411 719 2472; x_wconf 92' lang='lat' dir='ltr'><strong>et</strong></span> <span class='ocrx_word' id='word_1_153' title='bbox 746 2407 930 2472; x_wconf 80' lang='lat' dir='ltr'><strong>mercede</strong></span> <span class='ocrx_word' id='word_1_154' title='bbox 958 2426 1039 2484; x_wconf 91' lang='lat' dir='ltr'><strong>sua,</strong></span> <span class='ocrx_word' id='word_1_155' title='bbox 1070 2407 1155 2489; x_wconf 83' lang='lat' dir='ltr'><strong>siout</strong></span> <span class='ocrx_word' id='word_1_156' title='bbox 1181 2427 1274 2472; x_wconf 89' lang='lat' dir='ltr'><strong>enan-</strong></span> 
     </span>
     <span class='ocr_line' id='line_1_20' title="bbox 121 2514 1274 2598; baseline 0.003 -22"><span class='ocrx_word' id='word_1_157' title='bbox 121 2514 246 2597; x_wconf 88' lang='lat' dir='ltr'><strong>gelium</strong></span> <span class='ocrx_word' id='word_1_158' title='bbox 270 2515 430 2597; x_wconf 84' lang='lat' dir='ltr'><strong>loquitur?</strong></span> <span class='ocrx_word' id='word_1_159' title='bbox 455 2534 515 2579; x_wconf 93' lang='lat' dir='ltr'><strong>non</strong></span> <span class='ocrx_word' id='word_1_160' title='bbox 540 2534 614 2598; x_wconf 86' lang='lat' dir='ltr'><strong>ergo</strong></span> <span class='ocrx_word' id='word_1_161' title='bbox 638 2514 698 2579; x_wconf 92' lang='lat' dir='ltr'><strong>soli</strong></span> <span class='ocrx_word' id='word_1_162' title='bbox 716 2515 837 2579; x_wconf 86' lang='lat' dir='ltr'><strong>Paulus</strong></span> <span class='ocrx_word' id='word_1_163' title='bbox 862 2517 894 2579; x_wconf 89' lang='lat' dir='ltr'><strong>et·</strong></span> <span class='ocrx_word' id='word_1_164' title='bbox 912 2514 1070 2578; x_wconf 84' lang='lat' dir='ltr'><strong>Bamabes</strong></span> <span class='ocrx_word' id='word_1_165' title='bbox 1094 2533 1156 2578; x_wconf 93' lang='lat' dir='ltr'><strong>non</strong></span> <span class='ocrx_word' id='word_1_166' title='bbox 1179 2515 1274 2580; x_wconf 88' lang='lat' dir='ltr'><strong>babe-</strong></span> 
     </span>
     <span class='ocr_line' id='line_1_21' title="bbox 74 2620 1274 2704; baseline 0.005 -21"><span class='ocrx_word' id='word_1_167' title='bbox 74 2621 203 2684; x_wconf 57' lang='lat' dir='ltr'><strong>*rbent</strong></span> <span class='ocrx_word' id='word_1_168' title='bbox 233 2626 426 2702; x_wconf 87' lang='lat' dir='ltr'><strong>potestatem</strong></span> <span class='ocrx_word' id='word_1_169' title='bbox 459 2641 519 2686; x_wconf 91' lang='lat' dir='ltr'><strong>non</strong></span> <span class='ocrx_word' id='word_1_170' title='bbox 553 2621 712 2703; x_wconf 87' lang='lat' dir='ltr'><strong>operandi,</strong></span> <span class='ocrx_word' id='word_1_171' title='bbox 742 2621 798 2685; x_wconf 89' lang='lat' dir='ltr'><strong>sed</strong></span> <span class='ocrx_word' id='word_1_172' title='bbox 831 2639 940 2686; x_wconf 87' lang='lat' dir='ltr'><strong>omnes</strong></span> <span class='ocrx_word' id='word_1_173' title='bbox 972 2620 1089 2704; x_wconf 85' lang='lat' dir='ltr'><strong>pariter</strong></span> <span class='ocrx_word' id='word_1_174' title='bbox 1115 2621 1274 2689; x_wconf 88' lang='lat' dir='ltr'><strong>habebant</strong></span> 
     </span>
     <span class='ocr_line' id='line_1_22' title="bbox 119 2727 1272 2810; baseline 0.005 -20"><span class='ocrx_word' id='word_1_175' title='bbox 119 2729 205 2790; x_wconf 85' lang='lat' dir='ltr'><strong>hano</strong></span> <span class='ocrx_word' id='word_1_176' title='bbox 233 2729 434 2809; x_wconf 85' lang='lat' dir='ltr'><strong>potestatem,</strong></span> <span class='ocrx_word' id='word_1_177' title='bbox 459 2748 523 2810; x_wconf 87' lang='lat' dir='ltr'><strong>qna</strong></span> <span class='ocrx_word' id='word_1_178' title='bbox 544 2728 600 2792; x_wconf 91' lang='lat' dir='ltr'><strong>isti</strong></span> <span class='ocrx_word' id='word_1_179' title='bbox 624 2747 684 2792; x_wconf 93' lang='lat' dir='ltr'><strong>non</strong></span> <span class='ocrx_word' id='word_1_180' title='bbox 708 2727 890 2803; x_wconf 90' lang='lat' dir='ltr'><strong>utebantur,</strong></span> <span class='ocrx_word' id='word_1_181' title='bbox 915 2728 1052 2808; x_wconf 88' lang='lat' dir='ltr'><strong>emplius</strong></span> <span class='ocrx_word' id='word_1_182' title='bbox 1076 2729 1272 2810; x_wconf 86' lang='lat' dir='ltr'><strong>inpendendo</strong></span> 
     </span>
     <span class='ocr_line' id='line_1_23' title="bbox 119 2833 1272 2914; baseline 0.003 -18"><span class='ocrx_word' id='word_1_183' title='bbox 119 2833 287 2908; x_wconf 88' lang='lat' dir='ltr'><strong>eoolesiae,</strong></span> <span class='ocrx_word' id='word_1_184' title='bbox 312 2834 397 2898; x_wconf 87' lang='lat' dir='ltr'><strong>siout</strong></span> <span class='ocrx_word' id='word_1_185' title='bbox 419 2833 449 2896; x_wconf 91' lang='lat' dir='ltr'><strong>in</strong></span> <span class='ocrx_word' id='word_1_186' title='bbox 474 2833 539 2898; x_wconf 92' lang='lat' dir='ltr'><strong>illis</strong></span> <span class='ocrx_word' id='word_1_187' title='bbox 562 2834 653 2910; x_wconf 87' lang='lat' dir='ltr'><strong>loeis,</strong></span> <span class='ocrx_word' id='word_1_188' title='bbox 677 2833 732 2897; x_wconf 89' lang='lat' dir='ltr'><strong>ubi</strong></span> <span class='ocrx_word' id='word_1_189' title='bbox 756 2833 1025 2914; x_wconf 82' lang='lat' dir='ltr'><strong>euangelinabant,</strong></span> <span class='ocrx_word' id='word_1_190' title='bbox 1044 2833 1176 2898; x_wconf 88' lang='lat' dir='ltr'><strong>infirmis</strong></span> <span class='ocrx_word' id='word_1_191' title='bbox 1201 2854 1272 2899; x_wconf 88' lang='lat' dir='ltr'><strong>oon-</strong></span> 
     </span>
     <span class='ocr_line' id='line_1_24' title="bbox 118 2939 1271 3024; baseline 0.003 -22"><span class='ocrx_word' id='word_1_192' title='bbox 118 2958 236 3024; x_wconf 88' lang='lat' dir='ltr'><strong>gruere</strong></span> <span class='ocrx_word' id='word_1_193' title='bbox 259 2940 450 3004; x_wconf 84' lang='lat' dir='ltr'><strong>iudicabant.</strong></span> <span class='ocrx_word' id='word_1_194' title='bbox 480 2944 511 3003; x_wconf 88' lang='lat' dir='ltr'><strong>et</strong></span> <span class='ocrx_word' id='word_1_195' title='bbox 533 2939 617 3018; x_wconf 89' lang='lat' dir='ltr'><strong>ideo,</strong></span> <span class='ocrx_word' id='word_1_196' title='bbox 640 2959 679 3002; x_wconf 92' lang='lat' dir='ltr'><strong>ne</strong></span> <span class='ocrx_word' id='word_1_197' title='bbox 703 2939 905 3020; x_wconf 85' lang='lat' dir='ltr'><strong>coapostolos</strong></span> <span class='ocrx_word' id='word_1_198' title='bbox 934 2957 1009 3003; x_wconf 92' lang='lat' dir='ltr'><strong>suos</strong></span> <span class='ocrx_word' id='word_1_199' title='bbox 1032 2940 1271 3021; x_wconf 86' lang='lat' dir='ltr'><strong>reprehendisse</strong></span> 
     </span>
     <span class='ocr_line' id='line_1_25' title="bbox 119 3044 1269 3130; baseline 0.003 -20"><span class='ocrx_word' id='word_1_200' title='bbox 119 3045 295 3122; x_wconf 89' lang='lat' dir='ltr'><strong>uideretur,</strong></span> <span class='ocrx_word' id='word_1_201' title='bbox 319 3045 486 3130; x_wconf 83' lang='lat' dir='ltr'><strong>subiungit</strong></span> <span class='ocrx_word' id='word_1_202' title='bbox 509 3049 540 3110; x_wconf 91' lang='lat' dir='ltr'><strong>et</strong></span> <span class='ocrx_word' id='word_1_203' title='bbox 564 3045 655 3109; x_wconf 88' lang='lat' dir='ltr'><strong>dicit:</strong></span> <span class='ocrx_word' id='word_1_204' title='bbox 680 3045 764 3126; x_wconf 91' lang='lat' dir='ltr'><strong>quis</strong></span> <span class='ocrx_word' id='word_1_205' title='bbox 793 3044 938 3108; x_wconf 89' lang='lat' dir='ltr'><strong>militat</strong></span> <span class='ocrx_word' id='word_1_206' title='bbox 960 3045 1041 3109; x_wconf 90' lang='lat' dir='ltr'><strong>suis</strong></span> <span class='ocrx_word' id='word_1_207' title='bbox 1066 3046 1269 3128; x_wconf 88' lang='lat' dir='ltr'><strong>stipendiis</strong></span> 
     </span>
    </p>
   </div>
   <div class='ocr_carea' id='block_1_3' title="bbox 213 3215 1111 3285">
    <p class='ocr_par' dir='ltr' id='par_1_5' title="bbox 213 3215 1111 3285">
     <span class='ocr_line' id='line_1_26' title="bbox 213 3215 1111 3285; baseline 0 -13"><span class='ocrx_word' id='word_1_208' title='bbox 213 3219 245 3271; x_wconf 82' lang='grc'><strong>17</strong></span> <span class='ocrx_word' id='word_1_209' title='bbox 264 3218 363 3272; x_wconf 86' lang='lat' dir='ltr'><strong>Matth.</strong></span> <span class='ocrx_word' id='word_1_210' title='bbox 385 3219 427 3282; x_wconf 88' lang='grc'><strong>10,</strong></span> <span class='ocrx_word' id='word_1_211' title='bbox 448 3219 490 3282; x_wconf 88' lang='grc'><strong>10,</strong></span> <span class='ocrx_word' id='word_1_212' title='bbox 509 3217 573 3272; x_wconf 90' lang='lat' dir='ltr'><strong>Luo.</strong></span> <span class='ocrx_word' id='word_1_213' title='bbox 594 3219 637 3285; x_wconf 91' lang='grc'><strong>10,</strong></span> <span class='ocrx_word' id='word_1_214' title='bbox 657 3218 672 3272; x_wconf 82' lang='grc'>7</span> <span class='ocrx_word' id='word_1_215' title='bbox 728 3217 795 3271; x_wconf 84' lang='lat'><strong>241</strong></span> <span class='ocrx_word' id='word_1_216' title='bbox 815 3215 875 3272; x_wconf 83' lang='lat' dir='ltr'><strong>Cor.</strong></span> <span class='ocrx_word' id='word_1_217' title='bbox 895 3219 920 3282; x_wconf 88' lang='grc'><strong>9,</strong></span> <span class='ocrx_word' id='word_1_218' title='bbox 940 3219 1028 3272; x_wconf 83' lang='lat'>7-10</span> <span class='ocrx_word' id='word_1_219' title='bbox 1109 3258 1111 3263; x_wconf 85' lang='lat'>-</span> 
     </span>
    </p>
   </div>
   <div class='ocr_carea' id='block_1_4' title="bbox 112 3324 1269 4369">
    <p class='ocr_par' dir='ltr' id='par_1_6' title="bbox 112 3324 1269 4369">
     <span class='ocr_line' id='line_1_27' title="bbox 156 3324 1268 3395; baseline 0.004 -18"><span class='ocrx_word' id='word_1_220' title='bbox 156 3325 174 3377; x_wconf 84' lang='lat'>2</span> <span class='ocrx_word' id='word_1_221' title='bbox 194 3325 276 3394; x_wconf 91' lang='lat' dir='ltr'><strong>enim]</strong></span> <span class='ocrx_word' id='word_1_222' title='bbox 297 3349 326 3376; x_wconf 68' lang='lat' dir='ltr'><strong>ee</strong></span> <span class='ocrx_word' id='word_1_223' title='bbox 345 3329 371 3391; x_wconf 75' lang='lat' dir='ltr'><strong>(e</strong></span> <span class='ocrx_word' id='word_1_224' title='bbox 390 3327 439 3392; x_wconf 80' lang='lat' dir='ltr'><strong>er.)</strong></span> <span class='ocrx_word' id='word_1_225' title='bbox 458 3325 485 3378; x_wconf 99' lang='lat' dir='ltr'><strong><em>A</em></strong></span> <span class='ocrx_word' id='word_1_226' title='bbox 541 3326 556 3378; x_wconf 85' lang='lat'><strong>3</strong></span> <span class='ocrx_word' id='word_1_227' title='bbox 575 3342 628 3377; x_wconf 92' lang='lat' dir='ltr'><strong>non</strong></span> <span class='ocrx_word' id='word_1_228' title='bbox 649 3325 789 3394; x_wconf 74' lang='lat' dir='ltr'><strong>operandi]</strong></span> <span class='ocrx_word' id='word_1_229' title='bbox 811 3324 940 3395; x_wconf 85' lang='lat' dir='ltr'><strong>operandi</strong></span> <span class='ocrx_word' id='word_1_230' title='bbox 958 3341 991 3379; x_wconf 87' lang='lat' dir='ltr'><strong>ea</strong></span> <span class='ocrx_word' id='word_1_231' title='bbox 1004 3324 1138 3395; x_wconf 59' lang='lat' dir='ltr'><strong><em>PVDMT</em></strong></span> <span class='ocrx_word' id='word_1_232' title='bbox 1189 3329 1205 3380; x_wconf 92' lang='lat'>5</span> <span class='ocrx_word' id='word_1_233' title='bbox 1225 3344 1268 3381; x_wconf 86' lang='lat' dir='ltr'><strong>ac·</strong></span> 
     </span>
     <span class='ocr_line' id='line_1_28' title="bbox 116 3412 1268 3483; baseline 0 -15"><span class='ocrx_word' id='word_1_234' title='bbox 116 3417 228 3483; x_wconf 84' lang='lat' dir='ltr'><strong>ceptam</strong></span> <span class='ocrx_word' id='word_1_235' title='bbox 247 3429 298 3467; x_wconf 88' lang='lat' dir='ltr'><strong>om.</strong></span> <span class='ocrx_word' id='word_1_236' title='bbox 317 3415 345 3466; x_wconf 93' lang='lat' dir='ltr'><strong><em>A</em></strong></span> <span class='ocrx_word' id='word_1_237' title='bbox 417 3415 593 3481; x_wconf 81' lang='lat' dir='ltr'><strong>operarentur</strong></span> <span class='ocrx_word' id='word_1_238' title='bbox 613 3417 653 3479; x_wconf 88' lang='lat' dir='ltr'><strong>(ra</strong></span> <span class='ocrx_word' id='word_1_239' title='bbox 671 3429 692 3468; x_wconf 87' lang='lat' dir='ltr'><strong>e.</strong></span> <span class='ocrx_word' id='word_1_240' title='bbox 713 3412 789 3482; x_wconf 83' lang='lat' dir='ltr'><strong>t.)0</strong></span> <span class='ocrx_word' id='word_1_241' title='bbox 858 3413 913 3465; x_wconf 87' lang='lat' dir='ltr'><strong>suis</strong></span> <span class='ocrx_word' id='word_1_242' title='bbox 933 3427 984 3468; x_wconf 88' lang='lat' dir='ltr'><strong>om.</strong></span> <span class='ocrx_word' id='word_1_243' title='bbox 1002 3412 1053 3481; x_wconf 81' lang='grc' dir='ltr'><strong>Μγ</strong></span> <span class='ocrx_word' id='word_1_244' title='bbox 1140 3415 1268 3468; x_wconf 74' lang='lat' dir='ltr'><strong>reedifi-</strong></span> 
     </span>
     <span class='ocr_line' id='line_1_29' title="bbox 115 3500 1268 3572; baseline 0 -16"><span class='ocrx_word' id='word_1_245' title='bbox 115 3502 255 3556; x_wconf 81' lang='lat' dir='ltr'><strong>cationem</strong></span> <span class='ocrx_word' id='word_1_246' title='bbox 274 3500 338 3555; x_wconf 87' lang='lat' dir='ltr'><strong>fidei</strong></span> <span class='ocrx_word' id='word_1_247' title='bbox 357 3504 385 3554; x_wconf 89' lang='lat' dir='ltr'><strong>et</strong></span> <span class='ocrx_word' id='word_1_248' title='bbox 404 3502 478 3571; x_wconf 87' lang='lat' dir='ltr'><strong>pacis</strong></span> <span class='ocrx_word' id='word_1_249' title='bbox 495 3501 567 3572; x_wconf 62' lang='lat' dir='ltr'><strong>PVp</strong></span> <span class='ocrx_word' id='word_1_250' title='bbox 585 3501 773 3554; x_wconf 82' lang='lat' dir='ltr'><strong>aedificatione</strong></span> <span class='ocrx_word' id='word_1_251' title='bbox 793 3500 857 3555; x_wconf 88' lang='lat' dir='ltr'><strong>fidei</strong></span> <span class='ocrx_word' id='word_1_252' title='bbox 876 3505 904 3553; x_wconf 88' lang='lat' dir='ltr'><strong>et</strong></span> <span class='ocrx_word' id='word_1_253' title='bbox 922 3501 996 3570; x_wconf 86' lang='lat' dir='ltr'><strong>pacis</strong></span> <span class='ocrx_word' id='word_1_254' title='bbox 1014 3501 1083 3555; x_wconf 80' lang='grc' dir='ltr'><strong>ΒΜ</strong></span> <span class='ocrx_word' id='word_1_255' title='bbox 1159 3505 1175 3558; x_wconf 86' lang='grc'><strong>9</strong></span> <span class='ocrx_word' id='word_1_256' title='bbox 1194 3503 1268 3558; x_wconf 86' lang='lat' dir='ltr'><strong>solus</strong></span> 
     </span>
     <span class='ocr_line' id='line_1_30' title="bbox 115 3588 1268 3660; baseline 0.002 -17"><span class='ocrx_word' id='word_1_257' title='bbox 115 3607 171 3660; x_wconf 86' lang='lat' dir='ltr'><strong>ego</strong></span> <span class='ocrx_word' id='word_1_258' title='bbox 194 3589 300 3643; x_wconf 82' lang='lat' dir='ltr'><em>GLOF</em></span> <span class='ocrx_word' id='word_1_259' title='bbox 377 3591 410 3644; x_wconf 86' lang='grc'><strong>10</strong></span> <span class='ocrx_word' id='word_1_260' title='bbox 428 3607 483 3643; x_wconf 91' lang='lat' dir='ltr'><strong>non</strong></span> <span class='ocrx_word' id='word_1_261' title='bbox 502 3589 642 3660; x_wconf 82' lang='lat' dir='ltr'><strong>operandi]</strong></span> <span class='ocrx_word' id='word_1_262' title='bbox 663 3590 793 3658; x_wconf 83' lang='lat' dir='ltr'><strong>operandi</strong></span> <span class='ocrx_word' id='word_1_263' title='bbox 812 3607 844 3642; x_wconf 85' lang='lat' dir='ltr'><strong>en</strong></span> <span class='ocrx_word' id='word_1_264' title='bbox 862 3588 996 3657; x_wconf 70' lang='lat' dir='ltr'><strong>PVDMr</strong></span> <span class='ocrx_word' id='word_1_265' title='bbox 1077 3591 1107 3644; x_wconf 94' lang='grc'><strong>11</strong></span> <span class='ocrx_word' id='word_1_266' title='bbox 1128 3591 1221 3646; x_wconf 82' lang='lat' dir='ltr'><strong>dicant</strong></span> <span class='ocrx_word' id='word_1_267' title='bbox 1238 3592 1268 3645; x_wconf 91' lang='lat' dir='ltr'><em>D</em></span> 
     </span>
     <span class='ocr_line' id='line_1_31' title="bbox 116 3676 1268 3746; baseline 0.003 -14"><span class='ocrx_word' id='word_1_268' title='bbox 116 3681 152 3732; x_wconf 89' lang='grc'><strong>12</strong></span> <span class='ocrx_word' id='word_1_269' title='bbox 174 3681 305 3732; x_wconf 84' lang='lat' dir='ltr'><strong>conantur</strong></span> <span class='ocrx_word' id='word_1_270' title='bbox 322 3677 352 3732; x_wconf 89' lang='lat' dir='ltr'><em>D</em></span> <span class='ocrx_word' id='word_1_271' title='bbox 411 3679 548 3731; x_wconf 86' lang='lat' dir='ltr'><strong>sententia</strong></span> <span class='ocrx_word' id='word_1_272' title='bbox 567 3694 616 3731; x_wconf 85' lang='lat' dir='ltr'><strong>sna</strong></span> <span class='ocrx_word' id='word_1_273' title='bbox 633 3677 768 3746; x_wconf 69' lang='lat' dir='ltr'><strong>PVDMr</strong></span> <span class='ocrx_word' id='word_1_274' title='bbox 825 3679 858 3731; x_wconf 87' lang='lat'><strong>13</strong></span> <span class='ocrx_word' id='word_1_275' title='bbox 877 3676 1068 3745; x_wconf 71' lang='lat' dir='ltr'><strong>subuertere-s</strong></span> <span class='ocrx_word' id='word_1_276' title='bbox 1128 3678 1220 3733; x_wconf 84' lang='lat' dir='ltr'><strong>dicant</strong></span> <span class='ocrx_word' id='word_1_277' title='bbox 1237 3680 1268 3736; x_wconf 86' lang='lat' dir='ltr'><em>D</em></span> 
     </span>
     <span class='ocr_line' id='line_1_32' title="bbox 114 3765 1266 3834; baseline 0.002 -14"><span class='ocrx_word' id='word_1_278' title='bbox 114 3765 222 3820; x_wconf 88' lang='lat' dir='ltr'><strong>audent</strong></span> <span class='ocrx_word' id='word_1_279' title='bbox 238 3767 268 3820; x_wconf 91' lang='lat' dir='ltr'><em>D</em></span> <span class='ocrx_word' id='word_1_280' title='bbox 339 3773 468 3820; x_wconf 75' lang='lat' dir='ltr'><strong>domnos</strong></span> <span class='ocrx_word' id='word_1_281' title='bbox 488 3771 515 3834; x_wconf 84' lang='lat'>(1&#39;1</span> <span class='ocrx_word' id='word_1_282' title='bbox 533 3783 554 3822; x_wconf 89' lang='lat' dir='ltr'><strong>s.</strong></span> <span class='ocrx_word' id='word_1_283' title='bbox 575 3766 645 3834; x_wconf 87' lang='lat' dir='ltr'><strong>l.)A</strong></span> <span class='ocrx_word' id='word_1_284' title='bbox 718 3765 862 3820; x_wconf 85' lang='lat' dir='ltr'><strong>adomino</strong></span> <span class='ocrx_word' id='word_1_285' title='bbox 883 3765 1020 3834; x_wconf 82' lang='lat' dir='ltr'><strong>accepisse</strong></span> <span class='ocrx_word' id='word_1_286' title='bbox 1039 3765 1076 3819; x_wconf 81' lang='lat' dir='ltr'><strong>bd</strong></span> <span class='ocrx_word' id='word_1_287' title='bbox 1131 3769 1164 3822; x_wconf 82' lang='lat'><strong>14</strong></span> <span class='ocrx_word' id='word_1_288' title='bbox 1183 3784 1266 3822; x_wconf 82' lang='lat' dir='ltr'><strong>euan-</strong></span> 
     </span>
     <span class='ocr_line' id='line_1_33' title="bbox 113 3854 1269 3926; baseline 0.003 -17"><span class='ocrx_word' id='word_1_289' title='bbox 113 3854 254 3926; x_wconf 82' lang='lat' dir='ltr'><strong>gelinandi</strong></span> <span class='ocrx_word' id='word_1_290' title='bbox 272 3855 311 3907; x_wconf 87' lang='lat' dir='ltr'><strong>A¹</strong></span> <span class='ocrx_word' id='word_1_291' title='bbox 331 3855 459 3924; x_wconf 83' lang='lat' dir='ltr'><strong>operandi</strong></span> <span class='ocrx_word' id='word_1_292' title='bbox 478 3854 518 3908; x_wconf 84' lang='lat' dir='ltr'><strong>A²</strong></span> <span class='ocrx_word' id='word_1_293' title='bbox 610 3857 642 3910; x_wconf 83' lang='grc'><strong>15</strong></span> <span class='ocrx_word' id='word_1_294' title='bbox 662 3872 732 3925; x_wconf 88' lang='lat' dir='ltr'><strong>quur</strong></span> <span class='ocrx_word' id='word_1_295' title='bbox 748 3871 851 3923; x_wconf 75' lang='lat' dir='ltr'><strong>seraper</strong></span> <span class='ocrx_word' id='word_1_296' title='bbox 862 3854 926 3922; x_wconf 79' lang='lat' dir='ltr'><strong>fere</strong></span> <span class='ocrx_word' id='word_1_297' title='bbox 943 3857 986 3924; x_wconf 69' lang='lat' dir='ltr'><strong>Ap</strong></span> <span class='ocrx_word' id='word_1_298' title='bbox 1078 3857 1110 3909; x_wconf 94' lang='grc'><strong>16</strong></span> <span class='ocrx_word' id='word_1_299' title='bbox 1129 3860 1225 3924; x_wconf 79' lang='lat' dir='ltr'><strong>pateat</strong></span> <span class='ocrx_word' id='word_1_300' title='bbox 1246 3857 1269 3912; x_wconf 83' lang='grc'><em>0</em></span> 
     </span>
     <span class='ocr_line' id='line_1_34' title="bbox 113 3943 1266 4018; baseline 0.003 -21"><span class='ocrx_word' id='word_1_301' title='bbox 113 3947 213 4014; x_wconf 83' lang='lat' dir='ltr'><strong>pateat</strong></span> <span class='ocrx_word' id='word_1_302' title='bbox 229 3943 448 3998; x_wconf 83' lang='lat' dir='ltr'><strong>LOF¹DNAbd</strong></span> <span class='ocrx_word' id='word_1_303' title='bbox 554 3943 663 4013; x_wconf 90' lang='lat' dir='ltr'><strong>quidem</strong></span> <span class='ocrx_word' id='word_1_304' title='bbox 681 3944 744 3996; x_wconf 88' lang='lat' dir='ltr'><strong>illos</strong></span> <span class='ocrx_word' id='word_1_305' title='bbox 764 3943 801 3998; x_wconf 80' lang='lat' dir='ltr'><strong>bd</strong></span> <span class='ocrx_word' id='word_1_306' title='bbox 907 3945 1071 4012; x_wconf 81' lang='lat' dir='ltr'><strong>potestatem</strong></span> <span class='ocrx_word' id='word_1_307' title='bbox 1090 3960 1141 3998; x_wconf 86' lang='lat' dir='ltr'><strong>om.</strong></span> <span class='ocrx_word' id='word_1_308' title='bbox 1161 3945 1266 4018; x_wconf 44' lang='lat' dir='ltr'><strong><em>PVMT</em></strong></span> 
     </span>
     <span class='ocr_line' id='line_1_35' title="bbox 115 4030 1265 4104; baseline 0.002 -18"><span class='ocrx_word' id='word_1_309' title='bbox 115 4035 150 4087; x_wconf 85' lang='lat'><strong>19</strong></span> <span class='ocrx_word' id='word_1_310' title='bbox 170 4049 224 4086; x_wconf 93' lang='lat' dir='ltr'><strong>non</strong></span> <span class='ocrx_word' id='word_1_311' title='bbox 244 4033 294 4086; x_wconf 85' lang='lat' dir='ltr'><strong>alt.</strong></span> <span class='ocrx_word' id='word_1_312' title='bbox 309 4048 360 4086; x_wconf 84' lang='lat' dir='ltr'><strong>om.</strong></span> <span class='ocrx_word' id='word_1_313' title='bbox 381 4034 406 4100; x_wconf 88' lang='lat' dir='ltr'><strong>b,</strong></span> <span class='ocrx_word' id='word_1_314' title='bbox 425 4049 461 4088; x_wconf 85' lang='lat' dir='ltr'><strong>er.</strong></span> <span class='ocrx_word' id='word_1_315' title='bbox 480 4033 512 4086; x_wconf 81' lang='lat' dir='ltr'><strong>ire</strong></span> <span class='ocrx_word' id='word_1_316' title='bbox 525 4033 551 4086; x_wconf 87' lang='lat' dir='ltr'><strong><em>A</em></strong></span> <span class='ocrx_word' id='word_1_317' title='bbox 605 4032 709 4086; x_wconf 88' lang='lat' dir='ltr'><strong>habent</strong></span> <span class='ocrx_word' id='word_1_318' title='bbox 728 4031 848 4086; x_wconf 77' lang='lat' dir='ltr'><em>VDMF</em></span> <span class='ocrx_word' id='word_1_319' title='bbox 881 4032 917 4086; x_wconf 86' lang='grc'><strong>20</strong></span> <span class='ocrx_word' id='word_1_320' title='bbox 935 4030 1066 4101; x_wconf 86' lang='lat' dir='ltr'><strong>operandi</strong></span> <span class='ocrx_word' id='word_1_321' title='bbox 1085 4049 1117 4087; x_wconf 81' lang='lat' dir='ltr'><strong>ea</strong></span> <span class='ocrx_word' id='word_1_322' title='bbox 1131 4033 1265 4104; x_wconf 71' lang='lat' dir='ltr'><strong>PVDMr</strong></span> 
     </span>
     <span class='ocr_line' id='line_1_36' title="bbox 112 4120 1265 4194; baseline -0.002 -16"><span class='ocrx_word' id='word_1_323' title='bbox 112 4125 147 4178; x_wconf 85' lang='lat'><strong>21</strong></span> <span class='ocrx_word' id='word_1_324' title='bbox 171 4121 235 4190; x_wconf 89' lang='lat' dir='ltr'><strong>quia</strong></span> <span class='ocrx_word' id='word_1_325' title='bbox 252 4121 283 4175; x_wconf 89' lang='lat' dir='ltr'><strong><em>D</em></strong></span> <span class='ocrx_word' id='word_1_326' title='bbox 352 4121 532 4190; x_wconf 87' lang='lat' dir='ltr'><strong>inpendentes</strong></span> <span class='ocrx_word' id='word_1_327' title='bbox 547 4121 680 4194; x_wconf 59' lang='lat' dir='ltr'><strong><em>PVAMT</em></strong></span> <span class='ocrx_word' id='word_1_328' title='bbox 730 4123 765 4175; x_wconf 87' lang='grc'><strong>22</strong></span> <span class='ocrx_word' id='word_1_329' title='bbox 784 4122 856 4175; x_wconf 85' lang='lat' dir='ltr'><strong>sient</strong></span> <span class='ocrx_word' id='word_1_330' title='bbox 874 4123 968 4176; x_wconf 85' lang='lat' dir='ltr'><strong>om.A</strong></span> <span class='ocrx_word' id='word_1_331' title='bbox 1039 4120 1265 4192; x_wconf 82' lang='lat' dir='ltr'><strong>infirmisquibue</strong></span> 
     </span>
     <span class='ocr_line' id='line_1_37' title="bbox 112 4207 1266 4282; baseline 0 -18"><span class='ocrx_word' id='word_1_332' title='bbox 112 4211 225 4280; x_wconf 73' lang='lat' dir='ltr'><strong>(quibus</strong></span> <span class='ocrx_word' id='word_1_333' title='bbox 243 4227 263 4264; x_wconf 87' lang='lat' dir='ltr'><strong>s.</strong></span> <span class='ocrx_word' id='word_1_334' title='bbox 286 4211 302 4267; x_wconf 90' lang='lat' dir='ltr'><strong>l.</strong></span> <span class='ocrx_word' id='word_1_335' title='bbox 322 4227 356 4264; x_wconf 88' lang='lat' dir='ltr'><strong>m.</strong></span> <span class='ocrx_word' id='word_1_336' title='bbox 375 4209 407 4282; x_wconf 76' lang='lat'><strong>2)</strong></span> <span class='ocrx_word' id='word_1_337' title='bbox 425 4211 452 4266; x_wconf 80' lang='lat' dir='ltr'><strong><em>A</em></strong></span> <span class='ocrx_word' id='word_1_338' title='bbox 543 4211 577 4266; x_wconf 88' lang='grc'><strong>23</strong></span> <span class='ocrx_word' id='word_1_339' title='bbox 595 4209 755 4264; x_wconf 84' lang='lat' dir='ltr'><strong>indicabant</strong></span> <span class='ocrx_word' id='word_1_340' title='bbox 772 4211 800 4262; x_wconf 92' lang='lat' dir='ltr'><strong><em>A</em></strong></span> <span class='ocrx_word' id='word_1_341' title='bbox 889 4226 936 4262; x_wconf 74' lang='lat' dir='ltr'><strong>ne·</strong></span> <span class='ocrx_word' id='word_1_342' title='bbox 964 4207 991 4262; x_wconf 87' lang='lat' dir='ltr'><strong><em>V</em></strong></span> <span class='ocrx_word' id='word_1_343' title='bbox 1078 4211 1217 4280; x_wconf 84' lang='lat' dir='ltr'><strong>apostolos</strong></span> <span class='ocrx_word' id='word_1_344' title='bbox 1241 4212 1266 4264; x_wconf 87' lang='lat' dir='ltr'><em>V</em></span> 
     </span>
     <span class='ocr_line' id='line_1_38' title="bbox 112 4299 434 4369; baseline 0 -17"><span class='ocrx_word' id='word_1_345' title='bbox 112 4301 149 4352; x_wconf 80' lang='grc'><strong>24</strong></span> <span class='ocrx_word' id='word_1_346' title='bbox 168 4299 313 4369; x_wconf 85' lang='lat' dir='ltr'><strong>stipendiis</strong></span> <span class='ocrx_word' id='word_1_347' title='bbox 333 4299 388 4353; x_wconf 88' lang='lat' dir='ltr'><strong>snis</strong></span> <span class='ocrx_word' id='word_1_348' title='bbox 406 4302 434 4353; x_wconf 92' lang='lat' dir='ltr'><strong><em>A</em></strong></span> 
     </span>
    </p>
   </div>
   <div class='ocr_carea' id='block_1_5' title="bbox 0 0 1560 4959">
    <p class='ocr_par' dir='ltr' id='par_1_7' title="bbox 0 0 1560 4959">
     <span class='ocr_line' id='line_1_39' title="bbox 0 0 1560 4959; baseline 0 7"><span class='ocrx_word' id='word_1_349' title='bbox 0 0 1560 4959; x_wconf 95' lang='lat' dir='ltr'><strong> </strong></span> 
     </span>
    </p>
   </div>
  </div>
 </body>
</html>
