3109 4959
266 399 329 462 274
388 455 390 460 ,
623 394 649 448 S.
678 393 815 446 Aureli
843 392 1060 462 Augustini

265 612 326 655 non
357 568 505 672 possuntJ
531 608 611 671 quae
643 588 757 652 melius
790 587 943 651 nuberent
975 607 1068 669 quarn
1096 590 1272 665 urerentur,
1301 587 1335 651 id
1363 594 1416 652 est

265 719 361 780 quarn
389 697 515 763 occulta
541 697 668 760 flamma
697 695 972 777 concupiscentiae
1000 695 1031 758 in
1059 695 1129 777 ipsa
1156 694 1416 778 concupiscentia

264 807 474 880 cantarentur,
503 823 581 886 quas
615 804 756 885 paenitet
783 801 988 884 professionis
1017 805 1049 865 et
1076 803 1166 886 piget
1192 802 1415 876 confessionis,

264 911 326 975 nisi
359 913 533 974 consctum
566 927 620 974 eor
651 908 790 993 dirigant
821 912 854 972 et
885 908 935 971 dei
969 909 1081 973 timore
1109 927 1221 972 rursus
1246 907 1415 972 libidinem

264 1016 405 1093 uincent,
424 1017 456 1080 in
480 1017 615 1081 mortuis
640 1015 838 1097 deputandae
861 1017 946 1090 sunt,
967 1015 1035 1078 siue
1058 1014 1090 1078 in
1109 1015 1232 1079 deliciis
1252 1021 1350 1098 agant
1368 1053 1414 1062 —
1448 1034 1461 1072 s

263 1124 347 1187 unde
366 1122 445 1186 dicit
463 1122 642 1205 apostolus:
667 1140 760 1204 quas
785 1124 908 1184 antem
932 1122 968 1185 in
992 1120 1144 1184 deliciis
1164 1121 1255 1204 agit,
1274 1121 1414 1186 uiuens

263 1233 410 1294 mortua
438 1231 560 1293 est-
586 1228 654 1291 siue
677 1227 708 1290 in
732 1227 894 1290 laboribus
918 1230 1012 1308 atque
1037 1225 1163 1290 ieiuniis
1191 1226 1280 1290 nulls
1308 1227 1414 1292 cordis

262 1336 456 1399 corrections
480 1333 648 1416 superfluis
674 1337 705 1396 et
728 1333 831 1416 magis
856 1332 1060 1397 ostentationi
1084 1352 1179 1414 quam
1198 1330 1413 1396 emendationi

263 1441 489 1506 seruientibus.
509 1459 569 1504 non
589 1459 648 1522 ego
664 1438 783 1502 talibus
798 1458 945 1522 magnam
960 1457 1066 1502 curam
1083 1439 1275 1502 humilitatis
1290 1437 1413 1522 ingero,

262 1549 295 1612 in
329 1547 445 1629 quibus
479 1547 626 1628 superbia
653 1547 722 1627 ipsa
750 1544 954 1609 confunditur
981 1547 1013 1608 et
1040 1545 1252 1608 conscientiae
1281 1544 1413 1608 uulnere
1434 1567 1460 1604 ro

263 1657 456 1718 cruentatur,
482 1672 537 1717 neo
563 1653 696 1717 ebriosis
717 1657 773 1716 aut
796 1652 899 1716 auaris
919 1655 975 1714 aut
993 1651 1055 1716 alio
1076 1652 1219 1733 quolibet
1238 1651 1413 1715 damnabili

263 1759 364 1824 morbi
394 1778 506 1842 genere
534 1759 721 1834 iacentibus,
746 1777 820 1822 cum
843 1757 980 1821 babeant
1004 1757 1174 1838 corporalis
1198 1757 1413 1822 continentiae

263 1865 490 1948 professionem
524 1865 729 1946 moribusque
762 1864 920 1947 peruersis
949 1883 968 1927 a
995 1883 1053 1928 suo
1081 1864 1207 1928 nomine
1235 1864 1411 1941 dissonent,

262 1972 342 2036 banc
360 1991 505 2056 magnam
528 1971 776 2036 sollicitudinem
796 1972 867 2052 piae
886 1970 1078 2034 humilitatis
1096 1971 1228 2052 inpono:
1248 1971 1311 2034 nisi
1329 1971 1410 2034 forte

262 2078 293 2142 in
317 2079 367 2142 bis
391 2079 484 2142 malis
508 2079 604 2142 etiarn
629 2081 788 2142 ostentare
811 2096 846 2141 se
870 2077 1041 2154 audebunt,
1062 2077 1177 2158 quibus
1197 2097 1259 2141 non
1278 2076 1408 2152 sufficit,
1429 2096 1455 2135 rs

263 2185 346 2267 quod
375 2204 483 2249 eorum
512 2185 668 2267 supplicia
696 2185 891 2248 differuntur.
921 2203 978 2248 nec
1007 2183 1045 2247 de
1073 2183 1123 2247 his
1151 2202 1211 2267 ago
1236 2184 1267 2246 in
1292 2183 1410 2264 quibus

262 2297 312 2356 est
340 2291 468 2372 quidam
498 2291 640 2373 placendi
669 2291 829 2372 adpetitus
860 2294 916 2354 aut
943 2289 1133 2372 elegantiore
1157 2289 1289 2365 uestitu,
1314 2307 1409 2369 quarn

261 2400 366 2462 tantae
395 2397 600 2478 professionis
629 2397 802 2460 necessitas
830 2395 982 2477 postulat,
1011 2397 1067 2458 aut
1093 2393 1207 2474 capitis
1234 2393 1408 2477 ligamento

261 2503 394 2567 notabili
410 2503 478 2567 siue
495 2503 684 2585 proturnidis
703 2503 896 2568 umbonibus
916 2502 1104 2584 capillorum
1123 2499 1193 2564 siue
1212 2501 1409 2583 tegminibus

261 2610 306 2674 ita
338 2611 464 2686 teneris
495 2614 531 2674 ut
558 2610 671 2674 retiola
700 2610 810 2674 subter
837 2609 943 2692 posita
970 2608 1153 2691 adpareant:
1187 2607 1238 2670 his
1267 2607 1408 2672 nondum
1427 2629 1455 2666 so

350 2844 366 2896 6
385 2841 484 2896 I'I'im.
505 2844 529 2906 5,
549 2844 564 2896 6

298 2969 310 3020 l
331 2967 432 3019 nubere
450 2966 477 3020 R
531 2967 547 3018 2
567 2967 615 3033 fin.
633 2967 867 3035 concupiscentie
885 2967 909 3020 S
925 2968 1091 3020 conscientia
1108 2967 1410 3037 PKIZpHDRGde

260 3055 443 3124 eonscientiae
464 3058 486 3106 Α
508 3055 677 3108 continentia
694 3053 819 3107 MENX
879 3056 895 3108 3
916 3071 983 3123 quos
1005 3055 1031 3107 Τ
1114 3060 1142 3107 et
1160 3055 1238 3124 piget
1259 3055 1407 3108 confessio-

259 3143 302 3197 nis
321 3159 371 3198 om.
391 3143 422 3196 X
475 3142 649 3211 professionis
667 3142 695 3196 R
749 3143 907 3212 fprofccto
926 3144 979 3197 nisi
997 3143 1123 3196 MENX
1139 3143 1290 3212 profectum
1309 3143 1409 3197 nisiK

259 3236 402 3286 »setectum
420 3232 438 3284 1
458 3235 608 3300 correptum
627 3231 660 3284 K
677 3248 722 3286 eor
740 3235 843 3286 rectum
862 3232 890 3285 R
994 3250 1040 3286 eor
1057 3249 1108 3286 om.
1127 3231 1155 3285 R
1258 3233 1357 3286 timore
1375 3233 1408 3286 K

260 3320 394 3374 odiliciis
413 3320 444 3374 K
525 3321 650 3388 aguntI
737 3322 872 3376 fidiliciis
891 3321 924 3374 K
1003 3324 1043 3375 ait
1061 3323 1091 3376 E
1179 3322 1282 3392 isiae]
1302 3323 1360 3376 sine
1384 3323 1409 3374 Τ

259 3409 276 3462 8
296 3408 478 3462 ostentatione
496 3408 524 3461 R
543 3410 691 3462 ostensioni
710 3411 742 3463 X
795 3427 874 3478 quarn
893 3411 1077 3464 emendationi
1096 3427 1147 3464 om.
1165 3410 1258 3464 CIZB
1313 3427 1406 3463 emun-

260 3495 414 3548 dacioniT
504 3496 533 3548 11
561 3499 736 3550 cruentantur
759 3497 816 3551 AG
839 3501 1011 3552 cruentastur
1033 3499 1061 3552 P
1168 3503 1216 3552 aut
1234 3516 1281 3567 pr.
1304 3515 1355 3551 om.
1375 3499 1409 3552 H

259 3583 316 3651 aut]
337 3587 365 3636 et
382 3582 416 3636 K
486 3583 647 3652 aliquolibet
664 3585 698 3638 Η
768 3586 936 3640 damnabiles
950 3587 984 3639 K
1000 3586 1162 3641 damnabilis
1175 3586 1408 3656 THSMENde

262 3672 293 3725 12
313 3672 406 3740 generi
425 3670 449 3725 S
465 3689 515 3724 orn.
535 3671 568 3724 N
645 3673 798 3727 iacentibus
819 3679 849 3741 (s.
870 3675 887 3728 i.
906 3676 920 3728 l
938 3677 1059 3744 grauatis
1078 3693 1113 3728 m.
1133 3679 1163 3741 2)
1181 3675 1219 3728 M
1235 3675 1357 3744 maestis
1375 3674 1409 3728 N

259 3759 411 3813 iacentibus
432 3761 474 3812 uel
493 3762 615 3829 grauatis
634 3761 664 3814 E
680 3763 800 3830 grauatis
821 3763 864 3815 uel
882 3764 1034 3817 iacentibus
1053 3765 1084 3817 X
1138 3764 1171 3817 13
1189 3763 1356 3833 professione
1374 3763 1408 3816 Κ

258 3848 488 3902 aom.MENX
594 3850 695 3904 nornini
714 3851 837 3906 MENX
945 3852 1175 3922 dissonantRTr
1267 3854 1300 3906 14
1319 3853 1407 3922 piri*

260 3938 292 3990 15
313 3953 342 3989 se
361 3941 497 3990 ostentare
519 3937 666 3992 rrum
736 3944 889 3994 sustentare
906 3941 935 3996 R
1007 3942 1168 3995 suffieeitG
1252 3943 1285 3996 16
1304 3960 1355 4011 ego
1374 3941 1408 3995 Η

259 4024 362 4092 qnisS
435 4027 465 4079 17
485 4026 611 4096 placendi
630 4028 739 4096 quidam
759 4029 884 4082 MENX
959 4030 1120 4098 quibusdam
1139 4030 1226 4084 Aer
1295 4032 1404 4102 elegan-

258 4112 322 4165 tiori
340 4111 453 4167 rme
472 4115 631 4183 eligantiore
649 4134 664 4186 γ
751 4118 840 4170 uestit
860 4120 886 4173 R
943 4120 976 4171 18
995 4119 1189 4189 expostulatB
1245 4121 1277 4174 19
1296 4129 1405 4190 praetu-

259 4201 339 4254 midis
357 4201 655 4258 KIHBGMENde
719 4207 753 4260 20
772 4206 873 4260 reciola
893 4207 918 4261 G
937 4207 1051 4261 reticula
1069 4208 1096 4261 B
1167 4225 1216 4277 sup
1237 4208 1264 4263 6
1337 4226 1405 4262 non-

259 4289 332 4359 dum]
353 4307 405 4344 non
424 4291 610 4362 PHADGTp
