3109 4959
483 456 619 508 contre
645 453 887 509 mendacium
1188 456 1253 521 485

103 648 251 732 rapietur
278 648 333 729 qui
360 649 562 731 blasphemet
588 649 745 726 nesciens,
767 648 995 732 blasphemabo
1021 648 1135 725 solens,
1159 648 1251 733 peius

102 761 155 819 est
193 755 278 838 quod
313 755 396 821 isoio
434 774 529 837 quam
567 755 652 837 quod
685 756 791 839 ospio;
830 755 867 835 si,
905 758 943 819 ut
977 756 1158 821 inueniatur
1197 756 1251 839 qui

102 860 269 927 Christum
300 864 395 945 neget
427 862 582 940 nesciens,
616 881 675 946 ego
710 862 872 928 Christum
906 861 1026 947 negabo
1065 861 1179 939 solens,
1212 861 1252 925 ad

100 967 313 1050 perditionem
335 986 388 1033 me
411 971 580 1033 secuturus
605 973 663 1046 est,
688 986 785 1051 quem
805 968 851 1033 oio
869 967 1035 1033 inuenero:
1060 967 1088 1032 si
1111 968 1250 1049 quidem,

68 1077 140 1137 sut
164 1074 256 1139 illum
279 1074 448 1151 inueniam,
473 1074 559 1157 prior
580 1094 684 1157 pereo.

149 1182 202 1243 13.
224 1181 273 1245 An
296 1182 378 1245 forte
402 1182 456 1263 qui
480 1199 516 1246 eo
540 1182 634 1247 modo
657 1181 917 1247 Priscillianistss
944 1180 1087 1247 inuenire
1111 1180 1250 1259 molitur,

99 1286 174 1351 ideo
197 1306 258 1352 nou
283 1290 378 1372 negat
402 1287 575 1365 Christum,
600 1287 674 1369 quis
697 1305 749 1353 ore
773 1287 939 1369 depromit,
964 1286 1049 1368 quod
1073 1285 1165 1351 eorde
1188 1304 1249 1351 non

101 1393 226 1459 eredit?
254 1394 345 1474 quasi
375 1412 450 1459 uero
478 1430 522 1441 -
550 1394 635 1475 quod
659 1396 692 1458 et
718 1395 812 1476 paulo
838 1397 910 1459 unte
932 1394 996 1459 iarn
1021 1393 1084 1457 dixi
1109 1431 1151 1439 —
1176 1411 1248 1457 oum

98 1500 225 1563 dietum
253 1502 353 1564 esset:
386 1499 504 1565 oorde
537 1499 723 1565 ereditur
755 1500 801 1563 ad
833 1500 1054 1577 iustitiam,
1086 1499 1248 1565 incassum

54 1628 79 1667 ro
99 1609 153 1671 est
171 1605 331 1670 additum:
356 1624 422 1670 ore
445 1605 654 1671 confessio
678 1605 731 1669 iit
753 1606 801 1669 ad
824 1606 1008 1671 salutem.
1030 1623 1130 1669 nonne
1149 1623 1248 1687 poene

97 1730 222 1787 omnes,
247 1711 303 1793 qui
327 1710 488 1777 Christum
514 1730 619 1777 eorem
647 1712 904 1795 persecutoribus
932 1713 1137 1796 negauerunt,
1163 1712 1246 1795 quod

97 1818 138 1882 de
163 1817 219 1883 illo
244 1817 421 1894 eredebant,
447 1819 539 1883 corde
569 1822 741 1883 tenuerunt
769 1821 934 1883 ettamen
964 1837 1015 1882 ore
1044 1817 1083 1883 ad
1111 1818 1246 1883 salutem

97 1942 162 1987 non
187 1924 363 1989 confitendo
386 1925 556 2007 perierunt,
580 1924 643 1989 nisi
666 1924 721 2005 qui
738 1924 932 2005 paenitentis
950 1924 1150 1989 reuixerunt?
1175 1924 1246 2007 quis

94 2030 145 2095 ita
168 2033 330 2111 uauesost,
353 2034 391 2095 ut
414 2030 573 2095 existimet
594 2030 774 2112 apostolum
797 2030 927 2095 Petrum
955 2030 1016 2095 boo
1039 2030 1189 2095 habuisse
1213 2031 1245 2095 in

49 2160 76 2201 rs
95 2136 193 2201 oorde
218 2136 301 2217 quod
323 2137 356 2199 in
380 2155 443 2213 ors,
468 2137 593 2220 quando
618 2136 781 2201 Christum
810 2136 960 2219 negauit?
989 2154 1101 2218 nempe
1129 2137 1160 2201 in
1191 2137 1248 2201 illa

94 2244 267 2326 negatione
299 2244 386 2308 intus
417 2245 585 2308 ueritatem
619 2243 749 2307 tenebat
781 2246 813 2307 st
839 2242 923 2308 foras
951 2242 1149 2308 mendacium
1175 2263 1246 2327 pro-

93 2349 230 2414 ferebat.
255 2368 311 2415 eur
332 2369 406 2434 ergo
429 2350 570 2414 lacrimis
594 2349 699 2427 diluit,
724 2349 809 2432 quod
829 2367 880 2413 ore
899 2352 1081 2433 negauerat,
1102 2350 1129 2415 oi
1149 2350 1245 2415 saluti

93 2455 288 2537 sufficiebat,
318 2456 402 2539 qood
431 2456 524 2521 eorde
553 2455 722 2521 credebat?
755 2475 813 2521 our
838 2456 971 2539 loquens
999 2458 1030 2521 in
1061 2456 1153 2522 eorde
1187 2476 1244 2523 suo

92 2555 267 2628 ueritatem
303 2566 369 2627 tum
405 2581 510 2627 umaro
547 2562 625 2627 fietu
661 2562 790 2645 puniuit
825 2562 1036 2641 mendacium,
1071 2563 1155 2646 quod
1192 2583 1245 2629 ore

46 2693 73 2733 ro
93 2669 284 2751 depromsit,
307 2669 369 2733 nisi
392 2668 467 2751 quio
489 2688 637 2752 magnam
657 2669 740 2735 uidit
757 2688 828 2733 esse
847 2670 1027 2753 perniciem,
1048 2668 1133 2752 qnod
1152 2670 1244 2735 corde

92 2776 227 2859 quidem
261 2774 396 2839 eredidit
423 2775 463 2840 sd
490 2774 658 2851 iustitiam,
687 2774 743 2839 sed
770 2793 824 2840 ore
852 2794 913 2841 uon
942 2776 1107 2841 coufessus
1132 2780 1182 2841 est
1204 2777 1244 2841 ud

91 2883 255 2947 salutem?

141 2992 194 3055 lt.
221 2986 419 3071 Quapropter
446 2988 537 3067 illud,
563 2987 646 3071 quod
675 2988 828 3073 scriptum
858 2991 920 3053 est:
955 2990 1022 3071 qui
1054 2989 1244 3073 loquitur

90 3095 319 3159 ueritatem
346 3096 384 3160 in
414 3095 532 3159 eorde
561 3112 644 3173 suo,
667 3113 728 3157 non
753 3095 800 3159 sio
825 3094 1042 3177 accipiendum
1066 3098 1125 3178 est,
1151 3097 1241 3177 quasi

184 3340 200 3392 9
219 3338 297 3395 Rom.
318 3339 359 3400 10,
381 3339 414 3393 10
470 3340 503 3391 14
522 3338 556 3392 ei.
574 3338 674 3392 Metel.
694 3338 739 3405 26,
757 3339 792 3392 69
812 3354 869 3407 sqq.
926 3338 959 3391 ‘23
979 3338 1023 3391 Ps.
1045 3339 1087 3403 14,
1107 3339 1124 3390 2

128 3466 141 3518 1
162 3462 371 3532 blasphemabo]
390 3460 549 3531 blasphemo
570 3460 821 3531 Vblespbemendo
835 3461 865 3516 F
876 3461 1089 3531 blesphemupdo
1104 3461 1131 3515 L
1167 3464 1183 3517 2
1199 3464 1240 3516 fa·

88 3553 144 3622 cio]
166 3569 219 3621 ago
239 3557 267 3615 (a
285 3568 319 3605 eo·
337 3558 362 3617 e)
384 3548 408 3617 β,
419 3550 456 3605 bd
528 3551 552 3604 ri
569 3552 612 3621 ut]
633 3551 704 3604 sicut
724 3540 793 3604 'Tot
811 3551 834 3605 si
854 3551 948 3619 utique
966 3550 1022 3605 FP
1082 3551 1240 3605 Bneroieus

87 3644 177 3710 neget
200 3639 227 3692 V
268 3642 468 3709 deequuturus
491 3640 518 3693 V
559 3639 643 3694 tillo
666 3638 707 3692 Cb
753 3639 1000 3709 idepromiturV
1043 3640 1198 3694 Siomom.
1217 3640 1242 3691 V

87 3730 163 3799 eum]
180 3745 261 3798 quum
278 3727 345 3781 Teo
387 3727 477 3783 trine
492 3744 572 3782 reuss
587 3733 660 3781 esset
673 3729 702 3781 in
715 3734 795 3781 coust
810 3735 824 3781 e
840 3727 961 3783 additum
980 3728 1020 3781 W
1069 3728 1189 3783 insenum
1204 3730 1237 3783 Τ1

88 3820 123 3873 10
143 3817 268 3873 additum
288 3821 331 3871 est
353 3816 379 3869 V
468 3834 512 3871 ore
531 3820 622 3871 eutem
645 3816 754 3871 TVOb²
843 3832 986 3888 nonnsep
1078 3834 1164 3889 poene
1182 3818 1241 3873 ΕΤ

86 3924 158 3979 pene
177 3906 208 3960 P
256 3907 288 3961 11
308 3905 547 3975 persequutoribus
567 3906 593 3959 V
642 3906 674 3961 13
693 3906 939 3959 nisi-renixerunt
958 3922 1008 3959 om.
1028 3906 1054 3959 V
1107 3906 1238 3975 quiaFL

87 4014 136 4065 por
154 3995 353 4067 poeniteutiam
374 3994 428 4062 [ibd
502 3996 535 4047 14
554 3997 701 4049 ensuesout
719 3993 803 4065 Wbd
890 3994 986 4047 ‹rs-hoo
1008 3993 1048 4047 Ob
1121 3996 1153 4049 16
1172 3994 1237 4049 foris

87 4084 160 4154 βγὸᾶ
217 4084 338 4151 liquor
359 4081 395 4135 Τ1
453 4080 542 4135 doluit
562 4082 588 4135 Τ
644 4082 774 4153 saletto
831 4082 863 4135 18
883 4081 1022 4151 credebat]
1039 4082 1154 4137 tenebat
1171 4083 1238 4137 Tol

85 4175 234 4227 ueritatem
252 4172 281 4225 in
300 4168 379 4225 eorde
398 4188 447 4224 suo
467 4168 483 4239 β
524 4172 558 4225 20
578 4170 746 4242 deprompsit
766 4170 938 4240 CbFVppbd
990 4170 1062 4225 uidit
1079 4172 1237 4242 magnumss

85 4261 234 4331 pernitiem
252 4260 280 4315 R
389 4260 421 4313 21
444 4259 560 4313 credidit
579 4264 635 4329 (pr.
656 4261 684 4313 di
702 4277 723 4314 s.
744 4260 809 4329 llo
920 4260 1035 4313 eorriisus
1055 4261 1075 4325 (i
1094 4276 1127 4315 er
1146 4262 1174 4331 ιι)
1196 4264 1237 4315 Cb

84 4353 121 4405 24
139 4351 181 4405 sic
200 4366 289 4419 emp
