3109 4959
271 412 336 485 216
634 411 660 465 S.
689 412 824 466 Aureli
852 412 1069 482 Augustini

129 604 443 671 XVIIII.leuauerat'
460 640 504 651 ·-
531 608 640 681 restat,
671 610 706 671 ut
732 606 909 684 uideamus,
937 612 1045 673 utrum
1077 608 1191 674 saltem
1225 607 1423 673 continentes

273 712 371 779 nostri
395 712 573 795 coniugatis
596 712 661 777 illis
685 712 829 795 patribus
853 713 1043 795 cooperandi
1066 714 1144 790 sint3
1168 715 1231 779 nisi
1254 715 1334 779 forte
1358 714 1421 779 iam

271 819 326 883 isti
350 817 553 899 ⁴praeferendi
584 823 660 884 sunt
691 820 747 895 eis,
781 820 897 901 quibus
929 820 1068 887 nondum
1105 840 1185 903 quos
1222 822 1423 887 conferamus

271 925 461 991 inuenirnus.
489 925 593 989 maius
622 925 705 989 enirn
734 926 851 991 bonum
878 927 1000 991 eratin
1022 928 1151 992 illorum
1179 928 1301 1011 nuptiis
1325 946 1422 1011 quum

272 1035 323 1099 est
345 1032 462 1097 bonum
486 1032 647 1115 proprium
671 1033 866 1115 nuptiarum,
891 1034 944 1099 cui
962 1035 1074 1117 procul
1093 1034 1190 1099 dubio
1209 1036 1328 1099 bonum
1348 1053 1423 1099 con·
1456 1060 1470 1099 a

271 1138 422 1207 tinentiae
453 1138 691 1221 praeferendum
725 1146 785 1213 est,
814 1139 976 1223 quianon
1003 1140 1061 1204 tali
1089 1141 1194 1207 officio
1227 1141 1425 1223 quaerebant

271 1245 319 1309 illi
351 1244 433 1309 filios
468 1264 504 1309 ex
535 1245 666 1327 nuptiis,
697 1246 784 1328 quali
816 1246 976 1313 ducuntur
1005 1247 1062 1311 isti
1090 1267 1127 1311 er
1154 1247 1290 1329 quodam
1324 1267 1422 1313 sensu

270 1356 398 1417 naturae
436 1351 577 1417 mortalis
616 1353 852 1417 successionem
888 1352 1065 1418 decessioni
1100 1354 1299 1435 requirentis.
1336 1355 1424 1436 quod

272 1460 416 1543 quisquis
440 1460 558 1525 bonum
581 1462 688 1541 negat,
711 1460 837 1543 ignorat
860 1459 954 1523 deum
979 1460 1119 1525 omnium
1142 1460 1296 1527 bonorum
1316 1481 1335 1526 a
1354 1480 1423 1527 cee-

270 1567 406 1632 lestibus
430 1558 531 1649 usque
554 1565 595 1631 ad
617 1570 748 1641 terrena,
772 1566 812 1630 ab
835 1566 1056 1632 inmortalibus
1085 1586 1187 1650 usque
1211 1568 1251 1632 ad
1273 1570 1423 1633 mortalia
1443 1594 1470 1631 ro

271 1676 452 1738 creatorem.
484 1672 543 1739 boc
575 1674 682 1737 autem
716 1692 811 1737 sensu
845 1673 1015 1756 generandi
1046 1692 1104 1737 nec
1139 1673 1260 1739 bestiae
1291 1675 1422 1757 penitus

272 1782 379 1844 carent
406 1782 438 1844 et
464 1779 598 1843 maxime
627 1779 729 1855 alites,
760 1798 894 1861 quarum
920 1779 952 1843 iu
979 1782 1129 1861 promptu
1157 1784 1208 1844 est
1237 1800 1314 1845 cure
1342 1780 1423 1845 nidi-

270 1886 385 1951 ficandi
409 1890 441 1951 et
464 1885 616 1968 quaedam
642 1886 861 1969 coniugiorum
881 1884 1058 1950 similitudo
1078 1886 1118 1950 ad
1136 1886 1234 1951 simul
1255 1906 1422 1969 procrean-

272 1992 346 2058 dum
367 1996 460 2075 atque
478 1992 690 2057 nutriendum.
707 1992 763 2055 sed
782 1990 830 2055 illi
849 1991 992 2057 homines
1008 1993 1109 2058 istum
1126 1998 1256 2058 naturae
1275 1996 1422 2059 mortalis

271 2100 442 2175 adfectum,
471 2099 562 2163 cuius
594 2098 626 2163 in
656 2117 714 2163 suo
743 2118 856 2182 genere
884 2100 1015 2165 castitas
1043 2100 1212 2165 accedente
1239 2100 1291 2165 dei
1318 2103 1420 2172 cultu.
1442 2122 1470 2163 1⁵

272 2208 356 2273 sicut
378 2204 505 2288 quidam
528 2205 760 2274 intellexerunt,
783 2206 815 2269 in
839 2206 1004 2271 tricenario
1030 2206 1137 2272 fructu
1165 2207 1303 2291 ponitur,
1326 2208 1421 2293 longe

272 2314 427 2379 sanctiore
449 2314 554 2377 mente
579 2311 783 2393 superabant,
807 2311 923 2393 quide
947 2312 1015 2377 suis
1039 2313 1160 2396 nuptiis
1183 2313 1268 2379 filios
1293 2318 1423 2397 propter

272 2418 433 2484 Christum
461 2419 655 2500 quaerebant
678 2416 717 2483 ad
741 2436 842 2501 genus
865 2417 935 2482 eius
959 2419 1133 2483 secundum
1159 2440 1285 2485 carnem
1308 2420 1422 2486 distin-

271 2525 431 2609 guendurn
459 2525 497 2590 ab
527 2524 674 2589 omnibus
703 2524 865 2607 gentibus,
894 2524 980 2589 sicut
1007 2524 1065 2591 deo
1093 2525 1260 2608 disponere
1288 2527 1420 2609 placuit.

270 2634 308 2697 ut
330 2632 389 2697 hoc
411 2651 485 2714 prae
509 2631 621 2695 ceteris
646 2630 685 2696 ad
708 2650 782 2695 eum
805 2630 1058 2713 prophetandum
1076 2631 1209 2711 ualeret,
1228 2632 1319 2715 quod
1332 2653 1420 2717 prae·
1440 2657 1469 2696 so

271 2738 484 2815 innuebatur,
514 2756 550 2803 ex
578 2757 639 2820 quo
669 2736 765 2801 etiam
794 2756 909 2820 genere
937 2740 970 2803 et
997 2757 1033 2803 ex
1061 2756 1124 2822 qua
1151 2742 1244 2822 gente
1272 2747 1360 2803 esset
1386 2740 1418 2803 in

270 2863 362 2909 carne
389 2848 554 2909 uenturus.
588 2842 680 2907 ualde
704 2861 778 2927 ergo
802 2845 984 2934 nostrornm
1008 2842 1151 2909 fidelium
1175 2845 1273 2911 castis
1296 2846 1418 2929 nuptiis

271 2950 408 3033 amplius
445 2950 562 3015 bonum
602 2952 679 3027 erat,
713 2950 798 3031 quod
830 2954 921 3031 pater
951 2949 1111 3014 Abraham
1142 2952 1174 3015 in
1207 2970 1266 3017 suc
1297 2953 1418 3018 femore

362 3126 394 3179 16
414 3124 447 3179 cf.
468 3108 500 3177 de
520 3126 614 3178 sancta
633 3124 793 3193 uirginitate
813 3140 834 3177 c.
853 3124 888 3177 45

309 3248 433 3303 lsaltiur
453 3248 591 3318 KMrqu
665 3248 846 3311 continentem
868 3252 993 3317 (sccprae
1009 3249 1074 3303 add.
1096 3249 1133 3303 al.
1153 3266 1187 3303 m.
1206 3251 1231 3319 s)
1245 3250 1272 3303 P
1322 3252 1418 3306 tcon-

271 3338 372 3407 iugetis
392 3340 414 3405 (s
427 3352 520 3406 paene
538 3336 631 3403 er.)C
700 3336 754 3389 iarn
773 3336 844 3389 forte
864 3356 882 3387 α
936 3338 1219 3406 'lqualesMENXu
1291 3340 1418 3395 dicuntur

271 3424 415 3481 DFENn
486 3426 502 3479 8
522 3424 678 3479 decessione
700 3424 722 3477 0
740 3422 899 3477 discessioni
918 3426 948 3479 D
966 3425 999 3479 de
1019 3426 1186 3480 successione
1206 3426 1233 3478 Β
1252 3426 1418 3483 decessionis

271 3514 428 3569 KMENX
444 3514 616 3568 discessionis
637 3532 654 3565 α
725 3513 892 3583 requirentes
910 3512 1103 3584 ΙζΒΑΒΝοιγ2
1165 3516 1181 3569 9
1201 3517 1262 3585 qui·
1277 3521 1302 3582 (s
1321 3523 1369 3580 er.)
1389 3516 1422 3571 H

270 3604 370 3657 bonurn
393 3620 444 3658 om.
467 3603 609 3657 ΜΕΝΧα
717 3618 776 3656 as.
802 3602 818 3658 l.
843 3603 886 3672 Aq
994 3603 1156 3657 caelestibus
1180 3604 1243 3669 (bus
1267 3622 1302 3659 es:
1323 3606 1418 3675 um)r

272 3694 305 3747 10
323 3708 408 3762 usque
427 3708 477 3746 om.
497 3690 639 3745 MENXc
693 3692 757 3745 aD
811 3690 1063 3746 immortalitatibus
1077 3693 1111 3747 Η
1163 3695 1419 3749 immortalieADu

272 3783 301 3836 11
324 3782 448 3851 paenitus
466 3784 508 3851 Δγ
565 3784 597 3835 12
617 3798 727 3850 quorum
747 3779 777 3834 Η
849 3786 1003 3851 prcnrpturn
1025 3782 1174 3853 Cpromtu
1188 3784 1252 3839 KH
1306 3785 1340 3839 13
1354 3802 1418 3839 con·

269 3870 424 3939 iugatorum
442 3870 469 3923 B
525 3871 558 3923 14
576 3875 657 3939 atque
676 3870 850 3923 nutriendum
868 3886 921 3923 om.
939 3870 969 3923 D
1041 3871 1175 3941 adqueC
1233 3874 1417 3944 nutriendum]

270 3958 464 4029 procreandum
484 3959 510 4011 A
560 3959 704 4013 ¹mortalis
723 3976 773 4014 om.
793 3959 862 4013 EX.
906 3962 939 4013 15
959 3960 1056 4014 caritas
1076 3960 1217 4015 Murrus
1280 3964 1416 4033 ldtrige-

270 4047 380 4116 generio
399 4046 437 4101 B¹
494 4048 524 4101 17
543 4054 648 4101 ruentes
667 4047 699 4101 K
749 4048 784 4100 18
801 4046 948 4101 secundum
967 4065 1077 4102 cernens
1092 4050 1124 4103 in
1141 4050 1242 4117 qu
1313 4052 1417 4106 destin-

270 4135 406 4203 guendum
426 4136 484 4189 ΡΗ
488 4139 494 4171 ¹
513 4136 741 4205 distenguendum
759 4136 792 4190 K
862 4136 898 4189 20
915 4136 1106 4205 proietandum
1125 4138 1185 4191 PH
1255 4140 1374 4195 uoluerit
1391 4140 1421 4195 Ε

270 4224 341 4294 quod
361 4240 412 4279 om.
432 4244 450 4275 α
512 4226 545 4279 21
565 4241 664 4295 genere
684 4226 765 4279 etiam
785 4226 811 4277 Β
893 4241 947 4293 qua
966 4228 1031 4290 (aa.
1050 4227 1148 4295 ipos)
1166 4228 1200 4281 H
1265 4230 1300 4283 23
1319 4228 1417 4284 bebra-

269 4312 332 4366 ham
350 4312 377 4365 B
