<?xml version="1.0" encoding="UTF-8"?>
<!DOCTYPE html PUBLIC "-//W3C//DTD XHTML 1.0 Transitional//EN"
    "http://www.w3.org/TR/xhtml1/DTD/xhtml1-transitional.dtd">
<html xmlns="http://www.w3.org/1999/xhtml" xml:lang="en" lang="en">
 <head>
  <title>
</title>
<meta http-equiv="Content-Type" content="text/html;charset=utf-8" />
  <meta name='ocr-system' content='tesseract 3.04.00' />
  <meta name='ocr-capabilities' content='ocr_page ocr_carea ocr_par ocr_line ocrx_word'/>
</head>
<body>
  <div class='ocr_page' id='page_1' title='image "./corpusscriptoru18wiengoog_0531.png"; bbox 0 0 3109 4959; ppageno 0'>
   <div class='ocr_carea' id='block_1_1' title="bbox 504 468 1275 537">
    <p class='ocr_par' dir='ltr' id='par_1_1' title="bbox 504 468 1275 537">
     <span class='ocr_line' id='line_1_1' title="bbox 504 468 1275 537; baseline 0.009 -16"><span class='ocrx_word' id='word_1_1' title='bbox 504 471 642 522; x_wconf 83' lang='lat' dir='ltr'>contra</span> <span class='ocrx_word' id='word_1_2' title='bbox 669 468 906 522; x_wconf 78' lang='lat' dir='ltr'>mendacium</span> <span class='ocrx_word' id='word_1_3' title='bbox 1214 475 1275 537; x_wconf 78' lang='grc'>471</span> 
     </span>
    </p>
   </div>
   <div class='ocr_carea' id='block_1_2' title="bbox 81 663 1284 2985">
    <p class='ocr_par' dir='ltr' id='par_1_2' title="bbox 81 663 1284 2985">
     <span class='ocr_line' id='line_1_2' title="bbox 125 663 1279 747; baseline -0.002 -18"><span class='ocrx_word' id='word_1_4' title='bbox 125 670 193 729; x_wconf 86' lang='lat' dir='ltr'>tur</span> <span class='ocrx_word' id='word_1_5' title='bbox 220 665 482 731; x_wconf 81' lang='lat' dir='ltr'>mendacium.</span> <span class='ocrx_word' id='word_1_6' title='bbox 525 684 562 729; x_wconf 90' lang='lat' dir='ltr'>an</span> <span class='ocrx_word' id='word_1_7' title='bbox 592 664 667 746; x_wconf 89' lang='lat' dir='ltr'>quia</span> <span class='ocrx_word' id='word_1_8' title='bbox 694 683 755 728; x_wconf 95' lang='lat' dir='ltr'>non</span> <span class='ocrx_word' id='word_1_9' title='bbox 786 664 907 728; x_wconf 88' lang='lat' dir='ltr'>dietum</span> <span class='ocrx_word' id='word_1_10' title='bbox 937 667 1000 727; x_wconf 87' lang='lat' dir='ltr'>est:</span> <span class='ocrx_word' id='word_1_11' title='bbox 1028 663 1140 747; x_wconf 84' lang='lat' dir='ltr'>perdes</span> <span class='ocrx_word' id='word_1_12' title='bbox 1170 682 1279 727; x_wconf 87' lang='lat' dir='ltr'>omnes</span> 
     </span>
     <span class='ocr_line' id='line_1_3' title="bbox 128 769 1279 854; baseline -0.003 -18"><span class='ocrx_word' id='word_1_13' title='bbox 128 773 184 854; x_wconf 87' lang='lat' dir='ltr'>qui</span> <span class='ocrx_word' id='word_1_14' title='bbox 211 774 388 854; x_wconf 89' lang='lat' dir='ltr'>loquuntur</span> <span class='ocrx_word' id='word_1_15' title='bbox 417 790 507 835; x_wconf 93' lang='lat' dir='ltr'>omne</span> <span class='ocrx_word' id='word_1_16' title='bbox 531 769 730 835; x_wconf 80' lang='lat' dir='ltr'>mendacium</span> <span class='ocrx_word' id='word_1_17' title='bbox 752 771 806 834; x_wconf 92' lang='lat' dir='ltr'>uel</span> <span class='ocrx_word' id='word_1_18' title='bbox 831 770 884 853; x_wconf 92' lang='lat' dir='ltr'>qui</span> <span class='ocrx_word' id='word_1_19' title='bbox 908 769 1083 852; x_wconf 88' lang='lat' dir='ltr'>loquuntur</span> <span class='ocrx_word' id='word_1_20' title='bbox 1107 769 1279 852; x_wconf 88' lang='lat' dir='ltr'>quodcum-</span> 
     </span>
     <span class='ocr_line' id='line_1_4' title="bbox 128 875 1277 961; baseline -0.003 -18"><span class='ocrx_word' id='word_1_21' title='bbox 128 898 192 961; x_wconf 91' lang='lat' dir='ltr'>que</span> <span class='ocrx_word' id='word_1_22' title='bbox 223 876 434 954; x_wconf 84' lang='lat' dir='ltr'>mendacium,</span> <span class='ocrx_word' id='word_1_23' title='bbox 457 877 528 941; x_wconf 91' lang='lat' dir='ltr'>ideo</span> <span class='ocrx_word' id='word_1_24' title='bbox 559 876 736 959; x_wconf 90' lang='lat' dir='ltr'>putandum</span> <span class='ocrx_word' id='word_1_25' title='bbox 769 880 819 941; x_wconf 86' lang='lat' dir='ltr'>est</span> <span class='ocrx_word' id='word_1_26' title='bbox 845 876 952 941; x_wconf 86' lang='lat' dir='ltr'>locum</span> <span class='ocrx_word' id='word_1_27' title='bbox 982 875 1077 941; x_wconf 88' lang='lat' dir='ltr'>alicui</span> <span class='ocrx_word' id='word_1_28' title='bbox 1105 877 1277 941; x_wconf 83' lang='lat' dir='ltr'>relaxatum</span> 
     </span>
     <span class='ocr_line' id='line_1_5' title="bbox 128 982 1280 1066; baseline -0.003 -17"><span class='ocrx_word' id='word_1_29' title='bbox 128 1004 201 1049; x_wconf 90' lang='lat' dir='ltr'>esse</span> <span class='ocrx_word' id='word_1_30' title='bbox 228 984 413 1049; x_wconf 87' lang='lat' dir='ltr'>mendacio?</span> <span class='ocrx_word' id='word_1_31' title='bbox 441 986 480 1048; x_wconf 90' lang='lat' dir='ltr'>ut</span> <span class='ocrx_word' id='word_1_32' title='bbox 507 982 631 1048; x_wconf 88' lang='lat' dir='ltr'>scilicet</span> <span class='ocrx_word' id='word_1_33' title='bbox 657 982 701 1047; x_wconf 85' lang='lat' dir='ltr'>sit</span> <span class='ocrx_word' id='word_1_34' title='bbox 728 982 857 1066; x_wconf 86' lang='lat' dir='ltr'>aliquod</span> <span class='ocrx_word' id='word_1_35' title='bbox 881 982 1093 1059; x_wconf 89' lang='lat' dir='ltr'>mendacium,</span> <span class='ocrx_word' id='word_1_36' title='bbox 1118 983 1202 1065; x_wconf 87' lang='lat' dir='ltr'>quod</span> <span class='ocrx_word' id='word_1_37' title='bbox 1225 984 1280 1066; x_wconf 89' lang='lat' dir='ltr'>qui</span> 
     </span>
     <span class='ocr_line' id='line_1_6' title="bbox 94 1087 1280 1173; baseline -0.003 -19"><span class='ocrx_word' id='word_1_38' title='bbox 94 1092 307 1173; x_wconf 70' lang='lat' dir='ltr'>eloquuntur</span> <span class='ocrx_word' id='word_1_39' title='bbox 338 1109 399 1154; x_wconf 94' lang='lat' dir='ltr'>non</span> <span class='ocrx_word' id='word_1_40' title='bbox 433 1108 487 1154; x_wconf 91' lang='lat' dir='ltr'>eos</span> <span class='ocrx_word' id='word_1_41' title='bbox 516 1089 594 1153; x_wconf 88' lang='lat' dir='ltr'>deus</span> <span class='ocrx_word' id='word_1_42' title='bbox 622 1088 743 1171; x_wconf 86' lang='lat' dir='ltr'>perdat,</span> <span class='ocrx_word' id='word_1_43' title='bbox 772 1087 829 1153; x_wconf 85' lang='lat' dir='ltr'>sed</span> <span class='ocrx_word' id='word_1_44' title='bbox 857 1108 911 1153; x_wconf 86' lang='lat' dir='ltr'>cos</span> <span class='ocrx_word' id='word_1_45' title='bbox 940 1108 1048 1153; x_wconf 86' lang='lat' dir='ltr'>omnes</span> <span class='ocrx_word' id='word_1_46' title='bbox 1076 1090 1196 1171; x_wconf 78' lang='lat' dir='ltr'>perdat,</span> <span class='ocrx_word' id='word_1_47' title='bbox 1226 1089 1280 1172; x_wconf 88' lang='lat' dir='ltr'>qui</span> 
     </span>
     <span class='ocr_line' id='line_1_7' title="bbox 126 1194 1279 1279; baseline -0.002 -18"><span class='ocrx_word' id='word_1_48' title='bbox 126 1199 304 1279; x_wconf 87' lang='lat' dir='ltr'>loquuntur</span> <span class='ocrx_word' id='word_1_49' title='bbox 325 1196 482 1260; x_wconf 90' lang='lat' dir='ltr'>iniustum</span> <span class='ocrx_word' id='word_1_50' title='bbox 504 1194 716 1273; x_wconf 86' lang='lat' dir='ltr'>mendacium,</span> <span class='ocrx_word' id='word_1_51' title='bbox 740 1213 801 1260; x_wconf 93' lang='lat' dir='ltr'>non</span> <span class='ocrx_word' id='word_1_52' title='bbox 826 1195 1045 1278; x_wconf 89' lang='lat' dir='ltr'>quodcumque</span> <span class='ocrx_word' id='word_1_53' title='bbox 1068 1195 1279 1270; x_wconf 83' lang='lat' dir='ltr'>mendacium,</span> 
     </span>
     <span class='ocr_line' id='line_1_8' title="bbox 127 1300 1278 1387; baseline -0.002 -20"><span class='ocrx_word' id='word_1_54' title='bbox 127 1304 205 1387; x_wconf 89' lang='lat' dir='ltr'>quia</span> <span class='ocrx_word' id='word_1_55' title='bbox 226 1303 388 1367; x_wconf 90' lang='lat' dir='ltr'>inuenitur</span> <span class='ocrx_word' id='word_1_56' title='bbox 411 1305 443 1367; x_wconf 90' lang='lat' dir='ltr'>et</span> <span class='ocrx_word' id='word_1_57' title='bbox 465 1302 599 1376; x_wconf 75' lang='lat' dir='ltr'>iustum,</span> <span class='ocrx_word' id='word_1_58' title='bbox 624 1300 715 1383; x_wconf 89' lang='lat' dir='ltr'>quod</span> <span class='ocrx_word' id='word_1_59' title='bbox 731 1301 843 1383; x_wconf 87' lang='lat' dir='ltr'>utique</span> <span class='ocrx_word' id='word_1_60' title='bbox 867 1301 971 1366; x_wconf 91' lang='lat' dir='ltr'>laudis</span> <span class='ocrx_word' id='word_1_61' title='bbox 995 1301 1089 1367; x_wconf 85' lang='lat' dir='ltr'>debet</span> <span class='ocrx_word' id='word_1_62' title='bbox 1113 1320 1194 1377; x_wconf 86' lang='lat' dir='ltr'>esse,</span> <span class='ocrx_word' id='word_1_63' title='bbox 1219 1321 1278 1366; x_wconf 88' lang='lat' dir='ltr'>non</span> 
     </span>
     <span class='ocr_line' id='line_1_9' title="bbox 127 1410 293 1474; baseline -0.006 0"><span class='ocrx_word' id='word_1_64' title='bbox 127 1410 293 1474; x_wconf 86' lang='lat' dir='ltr'>oriminis?</span> 
     </span>
     <span class='ocr_line' id='line_1_10' title="bbox 173 1513 1279 1597; baseline -0.001 -17"><span class='ocrx_word' id='word_1_65' title='bbox 173 1516 216 1580; x_wconf 93' lang='lat' dir='ltr'>ll.</span> <span class='ocrx_word' id='word_1_66' title='bbox 255 1520 286 1581; x_wconf 84' lang='grc'>2.</span> <span class='ocrx_word' id='word_1_67' title='bbox 323 1516 434 1580; x_wconf 87' lang='lat' dir='ltr'>Nonne</span> <span class='ocrx_word' id='word_1_68' title='bbox 472 1516 583 1592; x_wconf 81' lang='lat' dir='ltr'>cernis,</span> <span class='ocrx_word' id='word_1_69' title='bbox 623 1517 776 1596; x_wconf 88' lang='lat' dir='ltr'>quantum</span> <span class='ocrx_word' id='word_1_70' title='bbox 818 1513 949 1579; x_wconf 88' lang='lat' dir='ltr'>adiuuet</span> <span class='ocrx_word' id='word_1_71' title='bbox 989 1514 1067 1578; x_wconf 88' lang='lat' dir='ltr'>haec</span> <span class='ocrx_word' id='word_1_72' title='bbox 1106 1514 1279 1597; x_wconf 89' lang='lat' dir='ltr'>disputatio</span> 
     </span>
     <span class='ocr_line' id='line_1_11' title="bbox 81 1620 1280 1706; baseline 0 -22"><span class='ocrx_word' id='word_1_73' title='bbox 81 1641 187 1689; x_wconf 76' lang='lat' dir='ltr'>rocos</span> <span class='ocrx_word' id='word_1_74' title='bbox 223 1623 326 1705; x_wconf 85' lang='lat' dir='ltr'>ipsos,</span> <span class='ocrx_word' id='word_1_75' title='bbox 369 1641 448 1706; x_wconf 88' lang='lat' dir='ltr'>quos</span> <span class='ocrx_word' id='word_1_76' title='bbox 484 1641 540 1705; x_wconf 89' lang='lat' dir='ltr'>pro</span> <span class='ocrx_word' id='word_1_77' title='bbox 579 1640 693 1704; x_wconf 86' lang='lat' dir='ltr'>magna</span> <span class='ocrx_word' id='word_1_78' title='bbox 734 1621 902 1685; x_wconf 87' lang='lat' dir='ltr'>uenatione</span> <span class='ocrx_word' id='word_1_79' title='bbox 944 1620 1116 1685; x_wconf 86' lang='lat' dir='ltr'>mendaciis</span> <span class='ocrx_word' id='word_1_80' title='bbox 1163 1621 1280 1687; x_wconf 84' lang='lat' dir='ltr'>nostris</span> 
     </span>
     <span class='ocr_line' id='line_1_12' title="bbox 127 1727 1280 1812; baseline -0.003 -18"><span class='ocrx_word' id='word_1_81' title='bbox 127 1750 242 1812; x_wconf 85' lang='lat' dir='ltr'>capere</span> <span class='ocrx_word' id='word_1_82' title='bbox 266 1730 435 1794; x_wconf 84' lang='lat' dir='ltr'>molimur?</span> <span class='ocrx_word' id='word_1_83' title='bbox 459 1728 775 1793; x_wconf 87' lang='lat' dir='ltr'>Priscillianistarum</span> <span class='ocrx_word' id='word_1_84' title='bbox 801 1731 851 1793; x_wconf 90' lang='lat' dir='ltr'>est</span> <span class='ocrx_word' id='word_1_85' title='bbox 874 1727 1077 1805; x_wconf 50' lang='lat' dir='ltr'>enimssicut</span> <span class='ocrx_word' id='word_1_86' title='bbox 1099 1728 1168 1810; x_wconf 88' lang='lat' dir='ltr'>ipso</span> <span class='ocrx_word' id='word_1_87' title='bbox 1192 1747 1280 1792; x_wconf 92' lang='lat' dir='ltr'>mon-</span> 
     </span>
     <span class='ocr_line' id='line_1_13' title="bbox 127 1832 1282 1916; baseline -0.004 -14"><span class='ocrx_word' id='word_1_88' title='bbox 127 1838 253 1913; x_wconf 87' lang='lat' dir='ltr'>strasti,</span> <span class='ocrx_word' id='word_1_89' title='bbox 275 1837 339 1901; x_wconf 86' lang='lat' dir='ltr'>ista</span> <span class='ocrx_word' id='word_1_90' title='bbox 361 1834 531 1900; x_wconf 87' lang='lat' dir='ltr'>sententia:</span> <span class='ocrx_word' id='word_1_91' title='bbox 565 1836 616 1899; x_wconf 90' lang='lat' dir='ltr'>oui</span> <span class='ocrx_word' id='word_1_92' title='bbox 645 1833 893 1916; x_wconf 83' lang='lat' dir='ltr'>comprobandae</span> <span class='ocrx_word' id='word_1_93' title='bbox 921 1832 1072 1898; x_wconf 89' lang='lat' dir='ltr'>adhihent</span> <span class='ocrx_word' id='word_1_94' title='bbox 1098 1833 1282 1898; x_wconf 87' lang='lat' dir='ltr'>testimonia</span> 
     </span>
     <span class='ocr_line' id='line_1_14' title="bbox 128 1940 1281 2023; baseline -0.004 -15"><span class='ocrx_word' id='word_1_95' title='bbox 128 1944 170 2008; x_wconf 92' lang='lat' dir='ltr'>de</span> <span class='ocrx_word' id='word_1_96' title='bbox 194 1944 360 2022; x_wconf 87' lang='lat' dir='ltr'>scripturis</span> <span class='ocrx_word' id='word_1_97' title='bbox 384 1942 584 2008; x_wconf 80' lang='lat' dir='ltr'>exhortantes</span> <span class='ocrx_word' id='word_1_98' title='bbox 609 1960 684 2006; x_wconf 91' lang='lat' dir='ltr'>suos</span> <span class='ocrx_word' id='word_1_99' title='bbox 704 1941 744 2004; x_wconf 89' lang='lat' dir='ltr'>ad</span> <span class='ocrx_word' id='word_1_100' title='bbox 762 1940 978 2005; x_wconf 86' lang='lat' dir='ltr'>mentiendum</span> <span class='ocrx_word' id='word_1_101' title='bbox 998 1943 1160 2023; x_wconf 90' lang='lat' dir='ltr'>tamquam</span> <span class='ocrx_word' id='word_1_102' title='bbox 1181 1959 1281 2004; x_wconf 85' lang='lat' dir='ltr'>enem-</span> 
     </span>
     <span class='ocr_line' id='line_1_15' title="bbox 126 2046 1281 2133; baseline -0.004 -19"><span class='ocrx_word' id='word_1_103' title='bbox 126 2050 194 2133; x_wconf 91' lang='lat' dir='ltr'>plis</span> <span class='ocrx_word' id='word_1_104' title='bbox 217 2049 476 2131; x_wconf 70' lang='lat' dir='ltr'>patriarcham,</span> <span class='ocrx_word' id='word_1_105' title='bbox 500 2049 736 2131; x_wconf 74' lang='lat' dir='ltr'>prophetarum,</span> <span class='ocrx_word' id='word_1_106' title='bbox 756 2047 984 2129; x_wconf 75' lang='lat' dir='ltr'>apostolorum,</span> <span class='ocrx_word' id='word_1_107' title='bbox 1005 2046 1199 2130; x_wconf 80' lang='lat' dir='ltr'>angelorum,</span> <span class='ocrx_word' id='word_1_108' title='bbox 1221 2065 1281 2110; x_wconf 92' lang='lat' dir='ltr'>non</span> 
     </span>
     <span class='ocr_line' id='line_1_16' title="bbox 82 2152 1281 2244; baseline -0.003 -26"><span class='ocrx_word' id='word_1_109' title='bbox 82 2180 108 2219; x_wconf 78' lang='lat' dir='ltr'>n</span> <span class='ocrx_word' id='word_1_110' title='bbox 129 2157 315 2221; x_wconf 83' lang='lat' dir='ltr'>dubitantes</span> <span class='ocrx_word' id='word_1_111' title='bbox 348 2156 462 2244; x_wconf 84' lang='lat' dir='ltr'>addere</span> <span class='ocrx_word' id='word_1_112' title='bbox 496 2156 592 2220; x_wconf 88' lang='lat' dir='ltr'>etiam</span> <span class='ocrx_word' id='word_1_113' title='bbox 625 2156 730 2236; x_wconf 90' lang='lat' dir='ltr'>ipsum</span> <span class='ocrx_word' id='word_1_114' title='bbox 764 2155 927 2218; x_wconf 90' lang='lat' dir='ltr'>dominum</span> <span class='ocrx_word' id='word_1_115' title='bbox 962 2152 1124 2218; x_wconf 85' lang='lat' dir='ltr'>Christum</span> <span class='ocrx_word' id='word_1_116' title='bbox 1156 2172 1213 2217; x_wconf 88' lang='lat' dir='ltr'>neo</span> <span class='ocrx_word' id='word_1_117' title='bbox 1247 2170 1281 2216; x_wconf 87' lang='lat' dir='ltr'>se</span> 
     </span>
     <span class='ocr_line' id='line_1_17' title="bbox 130 2258 1280 2335; baseline -0.004 -7"><span class='ocrx_word' id='word_1_118' title='bbox 130 2262 225 2328; x_wconf 86' lang='lat' dir='ltr'>aliter</span> <span class='ocrx_word' id='word_1_119' title='bbox 261 2263 448 2327; x_wconf 83' lang='lat' dir='ltr'>arbitrantes</span> <span class='ocrx_word' id='word_1_120' title='bbox 485 2280 630 2327; x_wconf 82' lang='lat' dir='ltr'>ueroeam</span> <span class='ocrx_word' id='word_1_121' title='bbox 668 2280 759 2325; x_wconf 88' lang='lat' dir='ltr'>suam</span> <span class='ocrx_word' id='word_1_122' title='bbox 798 2260 962 2325; x_wconf 86' lang='lat' dir='ltr'>ostendere</span> <span class='ocrx_word' id='word_1_123' title='bbox 999 2260 1182 2335; x_wconf 79' lang='lat' dir='ltr'>salsitatem,</span> <span class='ocrx_word' id='word_1_124' title='bbox 1220 2258 1280 2323; x_wconf 89' lang='lat' dir='ltr'>nisi</span> 
     </span>
     <span class='ocr_line' id='line_1_18' title="bbox 128 2365 1281 2451; baseline -0.004 -17"><span class='ocrx_word' id='word_1_125' title='bbox 128 2370 302 2435; x_wconf 88' lang='lat' dir='ltr'>ueritatem</span> <span class='ocrx_word' id='word_1_126' title='bbox 331 2369 437 2433; x_wconf 88' lang='lat' dir='ltr'>dicant</span> <span class='ocrx_word' id='word_1_127' title='bbox 460 2387 529 2433; x_wconf 89' lang='lat' dir='ltr'>esse</span> <span class='ocrx_word' id='word_1_128' title='bbox 553 2366 747 2432; x_wconf 88' lang='lat' dir='ltr'>mendacem.</span> <span class='ocrx_word' id='word_1_129' title='bbox 786 2366 1003 2451; x_wconf 87' lang='lat' dir='ltr'>redarguenda</span> <span class='ocrx_word' id='word_1_130' title='bbox 1026 2365 1196 2441; x_wconf 74' lang='lat' dir='ltr'>enuntiata,</span> <span class='ocrx_word' id='word_1_131' title='bbox 1221 2384 1281 2429; x_wconf 88' lang='lat' dir='ltr'>non</span> 
     </span>
     <span class='ocr_line' id='line_1_19' title="bbox 128 2472 1282 2551; baseline -0.005 -10"><span class='ocrx_word' id='word_1_132' title='bbox 128 2474 299 2551; x_wconf 87' lang='lat' dir='ltr'>imitanda;</span> <span class='ocrx_word' id='word_1_133' title='bbox 337 2494 394 2540; x_wconf 89' lang='lat' dir='ltr'>neo</span> <span class='ocrx_word' id='word_1_134' title='bbox 425 2475 457 2538; x_wconf 95' lang='lat' dir='ltr'>in</span> <span class='ocrx_word' id='word_1_135' title='bbox 490 2493 526 2540; x_wconf 90' lang='lat' dir='ltr'>eo</span> <span class='ocrx_word' id='word_1_136' title='bbox 559 2476 644 2539; x_wconf 88' lang='lat' dir='ltr'>malo</span> <span class='ocrx_word' id='word_1_137' title='bbox 678 2474 830 2539; x_wconf 88' lang='lat' dir='ltr'>debemus</span> <span class='ocrx_word' id='word_1_138' title='bbox 863 2472 1176 2538; x_wconf 87' lang='lat' dir='ltr'>Priscillianistarum</span> <span class='ocrx_word' id='word_1_139' title='bbox 1211 2491 1282 2536; x_wconf 88' lang='lat' dir='ltr'>esse</span> 
     </span>
     <span class='ocr_line' id='line_1_20' title="bbox 130 2580 1284 2667; baseline -0.005 -20"><span class='ocrx_word' id='word_1_140' title='bbox 130 2583 317 2667; x_wconf 81' lang='lat' dir='ltr'>participes,</span> <span class='ocrx_word' id='word_1_141' title='bbox 341 2582 373 2646; x_wconf 91' lang='lat' dir='ltr'>in</span> <span class='ocrx_word' id='word_1_142' title='bbox 398 2602 460 2665; x_wconf 91' lang='lat' dir='ltr'>quo</span> <span class='ocrx_word' id='word_1_143' title='bbox 484 2582 598 2647; x_wconf 87' lang='lat' dir='ltr'>ceteris</span> <span class='ocrx_word' id='word_1_144' title='bbox 622 2581 790 2646; x_wconf 86' lang='lat' dir='ltr'>haereticis</span> <span class='ocrx_word' id='word_1_145' title='bbox 811 2580 1041 2646; x_wconf 88' lang='lat' dir='ltr'>conuinountur</span> <span class='ocrx_word' id='word_1_146' title='bbox 1060 2598 1130 2643; x_wconf 87' lang='lat' dir='ltr'>csse</span> <span class='ocrx_word' id='word_1_147' title='bbox 1150 2580 1284 2663; x_wconf 85' lang='lat' dir='ltr'>peiores.</span> 
     </span>
     <span class='ocr_line' id='line_1_21' title="bbox 81 2685 1284 2773; baseline -0.003 -21"><span class='ocrx_word' id='word_1_148' title='bbox 81 2712 111 2752; x_wconf 82' lang='lat' dir='ltr'>ao</span> <span class='ocrx_word' id='word_1_149' title='bbox 129 2690 196 2773; x_wconf 85' lang='lat' dir='ltr'>ipsi</span> <span class='ocrx_word' id='word_1_150' title='bbox 221 2690 305 2754; x_wconf 91' lang='lat' dir='ltr'>enim</span> <span class='ocrx_word' id='word_1_151' title='bbox 329 2689 389 2754; x_wconf 90' lang='lat' dir='ltr'>soli</span> <span class='ocrx_word' id='word_1_152' title='bbox 413 2690 466 2754; x_wconf 89' lang='lat' dir='ltr'>uel</span> <span class='ocrx_word' id='word_1_153' title='bbox 489 2692 574 2753; x_wconf 87' lang='lat' dir='ltr'>certe</span> <span class='ocrx_word' id='word_1_154' title='bbox 597 2688 732 2752; x_wconf 81' lang='lat' dir='ltr'>manime</span> <span class='ocrx_word' id='word_1_155' title='bbox 755 2687 818 2769; x_wconf 87' lang='lat' dir='ltr'>ipsi</span> <span class='ocrx_word' id='word_1_156' title='bbox 841 2686 1039 2769; x_wconf 87' lang='lat' dir='ltr'>reperiuntur</span> <span class='ocrx_word' id='word_1_157' title='bbox 1063 2685 1101 2749; x_wconf 88' lang='lat' dir='ltr'>ad</span> <span class='ocrx_word' id='word_1_158' title='bbox 1126 2686 1284 2749; x_wconf 86' lang='lat' dir='ltr'>occultan-</span> 
     </span>
     <span class='ocr_line' id='line_1_22' title="bbox 130 2792 1282 2878; baseline -0.006 -17"><span class='ocrx_word' id='word_1_159' title='bbox 130 2797 206 2861; x_wconf 90' lang='lat' dir='ltr'>dam</span> <span class='ocrx_word' id='word_1_160' title='bbox 243 2814 335 2860; x_wconf 88' lang='lat' dir='ltr'>suam</span> <span class='ocrx_word' id='word_1_161' title='bbox 367 2814 461 2878; x_wconf 88' lang='lat' dir='ltr'>quam</span> <span class='ocrx_word' id='word_1_162' title='bbox 494 2798 608 2878; x_wconf 89' lang='lat' dir='ltr'>putant</span> <span class='ocrx_word' id='word_1_163' title='bbox 639 2795 806 2859; x_wconf 87' lang='lat' dir='ltr'>ueritatem</span> <span class='ocrx_word' id='word_1_164' title='bbox 840 2794 1052 2877; x_wconf 86' lang='lat' dir='ltr'>dogmatizare</span> <span class='ocrx_word' id='word_1_165' title='bbox 1085 2792 1282 2857; x_wconf 83' lang='lat' dir='ltr'>mendacium</span> 
     </span>
     <span class='ocr_line' id='line_1_23' title="bbox 129 2897 1284 2985; baseline -0.005 -18"><span class='ocrx_word' id='word_1_166' title='bbox 129 2906 229 2985; x_wconf 88' lang='lat' dir='ltr'>atque</span> <span class='ocrx_word' id='word_1_167' title='bbox 256 2902 317 2967; x_wconf 91' lang='lat' dir='ltr'>hoo</span> <span class='ocrx_word' id='word_1_168' title='bbox 344 2906 411 2966; x_wconf 88' lang='lat' dir='ltr'>tarn</span> <span class='ocrx_word' id='word_1_169' title='bbox 433 2920 585 2985; x_wconf 86' lang='lat' dir='ltr'>magnum</span> <span class='ocrx_word' id='word_1_170' title='bbox 609 2902 728 2965; x_wconf 89' lang='lat' dir='ltr'>malum</span> <span class='ocrx_word' id='word_1_171' title='bbox 752 2899 824 2965; x_wconf 89' lang='lat' dir='ltr'>ideo</span> <span class='ocrx_word' id='word_1_172' title='bbox 848 2900 970 2964; x_wconf 91' lang='lat' dir='ltr'>iustum</span> <span class='ocrx_word' id='word_1_173' title='bbox 994 2898 1185 2973; x_wconf 84' lang='lat' dir='ltr'>existimare,</span> <span class='ocrx_word' id='word_1_174' title='bbox 1210 2897 1284 2979; x_wconf 88' lang='lat' dir='ltr'>quia</span> 
     </span>
    </p>
   </div>
   <div class='ocr_carea' id='block_1_3' title="bbox 129 3212 1286 4438">
    <p class='ocr_par' dir='ltr' id='par_1_3' title="bbox 129 3212 1286 4438">
     <span class='ocr_line' id='line_1_24' title="bbox 173 3212 1284 3285; baseline -0.004 -17"><span class='ocrx_word' id='word_1_175' title='bbox 173 3216 186 3269; x_wconf 95' lang='lat' dir='ltr'>l</span> <span class='ocrx_word' id='word_1_176' title='bbox 208 3231 241 3268; x_wconf 87' lang='lat' dir='ltr'>an</span> <span class='ocrx_word' id='word_1_177' title='bbox 257 3215 331 3285; x_wconf 88' lang='lat' dir='ltr'>quia]</span> <span class='ocrx_word' id='word_1_178' title='bbox 347 3214 375 3267; x_wconf 92' lang='lat' dir='ltr'>in</span> <span class='ocrx_word' id='word_1_179' title='bbox 391 3230 445 3284; x_wconf 88' lang='lat' dir='ltr'>qua</span> <span class='ocrx_word' id='word_1_180' title='bbox 463 3212 488 3267; x_wconf 99' lang='lat' dir='ltr'><strong><em>V</em></strong></span> <span class='ocrx_word' id='word_1_181' title='bbox 522 3215 539 3267; x_wconf 85' lang='lat'>2</span> <span class='ocrx_word' id='word_1_182' title='bbox 554 3213 819 3282; x_wconf 86' lang='lat' dir='ltr'>omne—loquuntur</span> <span class='ocrx_word' id='word_1_183' title='bbox 832 3230 883 3267; x_wconf 86' lang='lat' dir='ltr'>om.</span> <span class='ocrx_word' id='word_1_184' title='bbox 903 3213 929 3265; x_wconf 89' lang='lat' dir='ltr'><strong><em>V</em></strong></span> <span class='ocrx_word' id='word_1_185' title='bbox 982 3214 1070 3283; x_wconf 92' lang='lat' dir='ltr'>omne]</span> <span class='ocrx_word' id='word_1_186' title='bbox 1087 3213 1215 3266; x_wconf 86' lang='lat' dir='ltr'>iniustum</span> <span class='ocrx_word' id='word_1_187' title='bbox 1232 3212 1284 3265; x_wconf 83' lang='lat' dir='ltr'>l&#39;L</span> 
     </span>
     <span class='ocr_line' id='line_1_25' title="bbox 130 3300 1284 3374; baseline -0.006 -15"><span class='ocrx_word' id='word_1_188' title='bbox 130 3320 305 3374; x_wconf 88' lang='lat' dir='ltr'>quocumque</span> <span class='ocrx_word' id='word_1_189' title='bbox 327 3302 395 3357; x_wconf 65' lang='lat' dir='ltr'>Ter»</span> <span class='ocrx_word' id='word_1_190' title='bbox 413 3302 593 3373; x_wconf 88' lang='lat' dir='ltr'>quodcunque</span> <span class='ocrx_word' id='word_1_191' title='bbox 611 3302 638 3356; x_wconf 86' lang='lat' dir='ltr'><strong><em>L</em></strong></span> <span class='ocrx_word' id='word_1_192' title='bbox 657 3301 862 3373; x_wconf 88' lang='lat' dir='ltr'>quodcumqnac</span> <span class='ocrx_word' id='word_1_193' title='bbox 883 3323 899 3373; x_wconf 69' lang='grc' dir='ltr'>φ</span> <span class='ocrx_word' id='word_1_194' title='bbox 956 3302 971 3356; x_wconf 89' lang='lat'><strong>3</strong></span> <span class='ocrx_word' id='word_1_195' title='bbox 990 3302 1105 3371; x_wconf 86' lang='lat' dir='ltr'>ideoque</span> <span class='ocrx_word' id='word_1_196' title='bbox 1129 3300 1153 3353; x_wconf 89' lang='lat' dir='ltr'><em>V</em></span> <span class='ocrx_word' id='word_1_197' title='bbox 1225 3316 1284 3353; x_wconf 83' lang='lat' dir='ltr'>esse</span> 
     </span>
     <span class='ocr_line' id='line_1_26' title="bbox 129 3386 1286 3463; baseline -0.007 -16"><span class='ocrx_word' id='word_1_198' title='bbox 129 3394 320 3463; x_wconf 60' lang='lat' dir='ltr'>relaxatump</span> <span class='ocrx_word' id='word_1_199' title='bbox 382 3392 525 3445; x_wconf 70' lang='lat' dir='ltr'>iscilioet</span> <span class='ocrx_word' id='word_1_200' title='bbox 543 3392 590 3461; x_wconf 85' lang='lat' dir='ltr'>sit]</span> <span class='ocrx_word' id='word_1_201' title='bbox 609 3391 674 3445; x_wconf 87' lang='lat' dir='ltr'>licet</span> <span class='ocrx_word' id='word_1_202' title='bbox 692 3392 730 3445; x_wconf 85' lang='lat' dir='ltr'>sit</span> <span class='ocrx_word' id='word_1_203' title='bbox 749 3392 791 3458; x_wconf 80' lang='lat' dir='ltr'>(in</span> <span class='ocrx_word' id='word_1_204' title='bbox 809 3408 859 3461; x_wconf 75' lang='lat' dir='ltr'>rap.</span> <span class='ocrx_word' id='word_1_205' title='bbox 879 3410 913 3446; x_wconf 88' lang='lat' dir='ltr'>m.</span> <span class='ocrx_word' id='word_1_206' title='bbox 932 3389 1011 3457; x_wconf 84' lang='lat' dir='ltr'>2)V</span> <span class='ocrx_word' id='word_1_207' title='bbox 1074 3386 1286 3460; x_wconf 76' lang='lat' dir='ltr'>bloqunturT</span> 
     </span>
     <span class='ocr_line' id='line_1_27' title="bbox 129 3477 1283 3553; baseline -0.006 -17"><span class='ocrx_word' id='word_1_208' title='bbox 129 3480 233 3553; x_wconf 82' lang='lat' dir='ltr'>perdat</span> <span class='ocrx_word' id='word_1_209' title='bbox 250 3497 302 3535; x_wconf 85' lang='lat' dir='ltr'>om.</span> <span class='ocrx_word' id='word_1_210' title='bbox 324 3480 376 3534; x_wconf 83' lang='lat' dir='ltr'>FL</span> <span class='ocrx_word' id='word_1_211' title='bbox 466 3482 567 3549; x_wconf 79' lang='lat' dir='ltr'>bnon]</span> <span class='ocrx_word' id='word_1_212' title='bbox 587 3481 611 3533; x_wconf 89' lang='lat' dir='ltr'>si</span> <span class='ocrx_word' id='word_1_213' title='bbox 630 3478 654 3548; x_wconf 62' lang='lat'>3¹</span> <span class='ocrx_word' id='word_1_214' title='bbox 736 3479 996 3535; x_wconf 86' lang='lat' dir='ltr'>non-mendacium</span> <span class='ocrx_word' id='word_1_215' title='bbox 1015 3495 1066 3534; x_wconf 88' lang='lat' dir='ltr'>om.</span> <span class='ocrx_word' id='word_1_216' title='bbox 1091 3478 1129 3532; x_wconf 88' lang='lat' dir='ltr'><strong><em>W</em></strong></span> <span class='ocrx_word' id='word_1_217' title='bbox 1198 3477 1283 3547; x_wconf 88' lang='lat' dir='ltr'>quod-</span> 
     </span>
     <span class='ocr_line' id='line_1_28' title="bbox 131 3564 1285 3639; baseline -0.005 -15"><span class='ocrx_word' id='word_1_218' title='bbox 131 3586 239 3639; x_wconf 90' lang='lat' dir='ltr'>cunque</span> <span class='ocrx_word' id='word_1_219' title='bbox 264 3574 293 3636; x_wconf 87' lang='lat' dir='ltr'>(n</span> <span class='ocrx_word' id='word_1_220' title='bbox 312 3576 425 3638; x_wconf 80' lang='lat' dir='ltr'>semper)</span> <span class='ocrx_word' id='word_1_221' title='bbox 444 3569 472 3623; x_wconf 85' lang='lat' dir='ltr'><strong><em>L</em></strong></span> <span class='ocrx_word' id='word_1_222' title='bbox 562 3570 729 3623; x_wconf 74' lang='lat' dir='ltr'>liniuntum</span> <span class='ocrx_word' id='word_1_223' title='bbox 747 3568 878 3639; x_wconf 59' lang='lat' dir='ltr'>MOWp</span> <span class='ocrx_word' id='word_1_224' title='bbox 987 3568 1069 3622; x_wconf 86' lang='lat' dir='ltr'>debet</span> <span class='ocrx_word' id='word_1_225' title='bbox 1088 3584 1120 3620; x_wconf 80' lang='lat' dir='ltr'>ex</span> <span class='ocrx_word' id='word_1_226' title='bbox 1137 3566 1222 3620; x_wconf 88' lang='lat' dir='ltr'>habet</span> <span class='ocrx_word' id='word_1_227' title='bbox 1243 3564 1285 3619; x_wconf 81' lang='lat' dir='ltr'>Cb</span> 
     </span>
     <span class='ocr_line' id='line_1_29' title="bbox 129 3656 1282 3731; baseline -0.003 -19"><span class='ocrx_word' id='word_1_228' title='bbox 129 3658 245 3727; x_wconf 69' lang='lat' dir='ltr'>nontin</span> <span class='ocrx_word' id='word_1_229' title='bbox 268 3658 295 3712; x_wconf 79' lang='lat' dir='ltr'><em>T</em></span> <span class='ocrx_word' id='word_1_230' title='bbox 346 3659 530 3731; x_wconf 76' lang='lat' dir='ltr'>licemitisp</span> <span class='ocrx_word' id='word_1_231' title='bbox 586 3659 619 3713; x_wconf 92' lang='grc'>10</span> <span class='ocrx_word' id='word_1_232' title='bbox 638 3658 849 3729; x_wconf 73' lang='lat' dir='ltr'>uenerationep</span> <span class='ocrx_word' id='word_1_233' title='bbox 920 3660 950 3712; x_wconf 96' lang='lat' dir='ltr'>ll</span> <span class='ocrx_word' id='word_1_234' title='bbox 971 3657 1095 3710; x_wconf 91' lang='lat' dir='ltr'>molimor</span> <span class='ocrx_word' id='word_1_235' title='bbox 1116 3656 1157 3710; x_wconf 79' lang='lat' dir='ltr'>Ga</span> <span class='ocrx_word' id='word_1_236' title='bbox 1229 3656 1282 3725; x_wconf 90' lang='lat' dir='ltr'>pri-</span> 
     </span>
     <span class='ocr_line' id='line_1_30' title="bbox 130 3742 1283 3818; baseline -0.005 -17"><span class='ocrx_word' id='word_1_237' title='bbox 130 3746 344 3801; x_wconf 84' lang='lat' dir='ltr'>scilianistarum</span> <span class='ocrx_word' id='word_1_238' title='bbox 365 3746 778 3818; x_wconf 58' lang='grc' dir='ltr'>(1111111[11110111ιιιιίιῐιιιιιιιιβι</span> <span class='ocrx_word' id='word_1_239' title='bbox 873 3746 906 3799; x_wconf 93' lang='grc'>12</span> <span class='ocrx_word' id='word_1_240' title='bbox 925 3746 988 3815; x_wconf 84' lang='lat' dir='ltr'>ista]</span> <span class='ocrx_word' id='word_1_241' title='bbox 1008 3746 1067 3815; x_wconf 84' lang='lat' dir='ltr'>ipsa</span> <span class='ocrx_word' id='word_1_242' title='bbox 1087 3742 1139 3797; x_wconf 83' lang='lat' dir='ltr'>FL</span> <span class='ocrx_word' id='word_1_243' title='bbox 1220 3760 1283 3796; x_wconf 90' lang='lat' dir='ltr'>con-</span> 
     </span>
     <span class='ocr_line' id='line_1_31' title="bbox 129 3832 1282 3906; baseline -0.003 -17"><span class='ocrx_word' id='word_1_244' title='bbox 129 3833 291 3906; x_wconf 86' lang='lat' dir='ltr'>probandae</span> <span class='ocrx_word' id='word_1_245' title='bbox 311 3854 328 3905; x_wconf 79' lang='lat' dir='ltr'>p</span> <span class='ocrx_word' id='word_1_246' title='bbox 348 3835 487 3906; x_wconf 85' lang='lat' dir='ltr'>probando</span> <span class='ocrx_word' id='word_1_247' title='bbox 510 3834 537 3888; x_wconf 88' lang='lat' dir='ltr'><strong><em>V</em></strong></span> <span class='ocrx_word' id='word_1_248' title='bbox 553 3834 707 3905; x_wconf 87' lang='lat' dir='ltr'>probandae</span> <span class='ocrx_word' id='word_1_249' title='bbox 730 3834 755 3888; x_wconf 84' lang='grc' dir='ltr'><em>Τ</em></span> <span class='ocrx_word' id='word_1_250' title='bbox 773 3832 962 3905; x_wconf 85' lang='lat' dir='ltr'>cuprobandae</span> <span class='ocrx_word' id='word_1_251' title='bbox 980 3834 1008 3887; x_wconf 91' lang='lat' dir='ltr'><strong><em>P</em></strong></span> <span class='ocrx_word' id='word_1_252' title='bbox 1096 3833 1282 3886; x_wconf 85' lang='lat' dir='ltr'>testimonium</span> 
     </span>
     <span class='ocr_line' id='line_1_32' title="bbox 131 3921 1283 3998; baseline -0.005 -19"><span class='ocrx_word' id='word_1_253' title='bbox 131 3923 188 3979; x_wconf 67' lang='grc' dir='ltr'>ΓΙ,</span> <span class='ocrx_word' id='word_1_254' title='bbox 243 3926 277 3980; x_wconf 79' lang='grc'>18</span> <span class='ocrx_word' id='word_1_255' title='bbox 297 3928 450 3980; x_wconf 85' lang='lat' dir='ltr'>exortantes</span> <span class='ocrx_word' id='word_1_256' title='bbox 473 3925 541 3998; x_wconf 68' lang='lat' dir='ltr'>T¹pd</span> <span class='ocrx_word' id='word_1_257' title='bbox 560 3925 735 3979; x_wconf 71' lang='lat' dir='ltr'>exhortantes</span> <span class='ocrx_word' id='word_1_258' title='bbox 757 3928 781 3984; x_wconf 84' lang='grc' dir='ltr'>(τ</span> <span class='ocrx_word' id='word_1_259' title='bbox 799 3940 820 3977; x_wconf 82' lang='lat' dir='ltr'>a.</span> <span class='ocrx_word' id='word_1_260' title='bbox 842 3926 871 3990; x_wconf 83' lang='lat' dir='ltr'>l)</span> <span class='ocrx_word' id='word_1_261' title='bbox 891 3924 918 3978; x_wconf 88' lang='lat' dir='ltr'><em>R</em></span> <span class='ocrx_word' id='word_1_262' title='bbox 937 3939 988 3976; x_wconf 81' lang='lat' dir='ltr'>oar.</span> <span class='ocrx_word' id='word_1_263' title='bbox 1012 3922 1039 3973; x_wconf 89' lang='lat' dir='ltr'><strong><em>V</em></strong></span> <span class='ocrx_word' id='word_1_264' title='bbox 1096 3922 1130 3975; x_wconf 92' lang='lat' dir='ltr'>ad</span> <span class='ocrx_word' id='word_1_265' title='bbox 1149 3921 1283 3975; x_wconf 86' lang='lat' dir='ltr'>mentien-</span> 
     </span>
     <span class='ocr_line' id='line_1_33' title="bbox 131 4000 1286 4083; baseline -0.004 -17"><span class='ocrx_word' id='word_1_266' title='bbox 131 4012 322 4067; x_wconf 85' lang='lat' dir='ltr'>dnmauosV</span> <span class='ocrx_word' id='word_1_267' title='bbox 356 4014 389 4069; x_wconf 83' lang='lat'>15</span> <span class='ocrx_word' id='word_1_268' title='bbox 404 4015 487 4069; x_wconf 84' lang='lat' dir='ltr'>etiam</span> <span class='ocrx_word' id='word_1_269' title='bbox 501 4013 600 4069; x_wconf 85' lang='lat' dir='ltr'>addere</span> <span class='ocrx_word' id='word_1_270' title='bbox 620 4012 646 4065; x_wconf 94' lang='lat' dir='ltr'><strong><em>V</em></strong></span> <span class='ocrx_word' id='word_1_271' title='bbox 697 4001 864 4083; x_wconf 70' lang='lat' dir='ltr'>dnmipsum</span> <span class='ocrx_word' id='word_1_272' title='bbox 885 4001 947 4066; x_wconf 71' lang='lat' dir='ltr'>dnm</span> <span class='ocrx_word' id='word_1_273' title='bbox 966 4000 1069 4082; x_wconf 81' lang='lat' dir='ltr'>1me</span> <span class='ocrx_word' id='word_1_274' title='bbox 1105 4008 1138 4065; x_wconf 89' lang='grc'>16</span> <span class='ocrx_word' id='word_1_275' title='bbox 1157 4008 1227 4063; x_wconf 89' lang='lat' dir='ltr'>alter</span> <span class='ocrx_word' id='word_1_276' title='bbox 1243 4008 1286 4062; x_wconf 82' lang='lat' dir='ltr'>Ob</span> 
     </span>
     <span class='ocr_line' id='line_1_34' title="bbox 130 4098 1281 4173; baseline -0.004 -17"><span class='ocrx_word' id='word_1_277' title='bbox 130 4106 257 4171; x_wconf 82' lang='lat' dir='ltr'>autema</span> <span class='ocrx_word' id='word_1_278' title='bbox 348 4104 381 4158; x_wconf 87' lang='lat'>18</span> <span class='ocrx_word' id='word_1_279' title='bbox 400 4103 532 4157; x_wconf 83' lang='lat' dir='ltr'>imitanda</span> <span class='ocrx_word' id='word_1_280' title='bbox 554 4104 606 4157; x_wconf 77' lang='grc' dir='ltr'>ΟΙι1</span> <span class='ocrx_word' id='word_1_281' title='bbox 679 4120 737 4157; x_wconf 84' lang='lat' dir='ltr'>esee</span> <span class='ocrx_word' id='word_1_282' title='bbox 756 4102 1020 4173; x_wconf 86' lang='lat' dir='ltr'>priscillianistarum</span> <span class='ocrx_word' id='word_1_283' title='bbox 1044 4101 1071 4156; x_wconf 90' lang='lat' dir='ltr'><strong><em>V</em></strong></span> <span class='ocrx_word' id='word_1_284' title='bbox 1139 4098 1281 4169; x_wconf 86' lang='lat' dir='ltr'>prisciani-</span> 
     </span>
     <span class='ocr_line' id='line_1_35' title="bbox 131 4188 1283 4262; baseline -0.003 -17"><span class='ocrx_word' id='word_1_285' title='bbox 131 4196 237 4245; x_wconf 83' lang='lat' dir='ltr'>starum</span> <span class='ocrx_word' id='word_1_286' title='bbox 256 4192 287 4262; x_wconf 57' lang='grc' dir='ltr'>φῖ</span> <span class='ocrx_word' id='word_1_287' title='bbox 305 4193 556 4262; x_wconf 85' lang='lat' dir='ltr'>priscilianistarnm</span> <span class='ocrx_word' id='word_1_288' title='bbox 579 4190 681 4261; x_wconf 58' lang='lat' dir='ltr'>cam</span> <span class='ocrx_word' id='word_1_289' title='bbox 771 4192 804 4245; x_wconf 90' lang='lat'>19</span> <span class='ocrx_word' id='word_1_290' title='bbox 822 4192 1023 4245; x_wconf 89' lang='lat' dir='ltr'>nonnincuntur</span> <span class='ocrx_word' id='word_1_291' title='bbox 1041 4188 1072 4260; x_wconf 71' lang='grc' dir='ltr'>φ1</span> <span class='ocrx_word' id='word_1_292' title='bbox 1158 4188 1194 4243; x_wconf 89' lang='grc'>20</span> <span class='ocrx_word' id='word_1_293' title='bbox 1212 4188 1283 4241; x_wconf 89' lang='lat' dir='ltr'>enim</span> 
     </span>
     <span class='ocr_line' id='line_1_36' title="bbox 130 4276 1284 4352; baseline -0.004 -19"><span class='ocrx_word' id='word_1_294' title='bbox 130 4298 153 4333; x_wconf 83' lang='lat' dir='ltr'>s.</span> <span class='ocrx_word' id='word_1_295' title='bbox 175 4280 192 4334; x_wconf 87' lang='grc'>1,</span> <span class='ocrx_word' id='word_1_296' title='bbox 215 4280 257 4335; x_wconf 80' lang='lat' dir='ltr'>Cb</span> <span class='ocrx_word' id='word_1_297' title='bbox 311 4281 363 4350; x_wconf 84' lang='lat' dir='ltr'>ipat</span> <span class='ocrx_word' id='word_1_298' title='bbox 382 4282 496 4335; x_wconf 82' lang='lat' dir='ltr'>maxime</span> <span class='ocrx_word' id='word_1_299' title='bbox 516 4285 588 4335; x_wconf 88' lang='lat' dir='ltr'>certe</span> <span class='ocrx_word' id='word_1_300' title='bbox 612 4281 639 4334; x_wconf 94' lang='lat' dir='ltr'><strong><em>V</em></strong></span> <span class='ocrx_word' id='word_1_301' title='bbox 689 4281 880 4352; x_wconf 86' lang='lat' dir='ltr'>repperiuntur</span> <span class='ocrx_word' id='word_1_302' title='bbox 897 4280 922 4332; x_wconf 86' lang='lat' dir='ltr'><em>T</em></span> <span class='ocrx_word' id='word_1_303' title='bbox 969 4279 1002 4333; x_wconf 90' lang='grc'>21</span> <span class='ocrx_word' id='word_1_304' title='bbox 1024 4278 1235 4348; x_wconf 82' lang='lat' dir='ltr'>dogmatizarem</span> <span class='ocrx_word' id='word_1_305' title='bbox 1249 4276 1284 4328; x_wconf 88' lang='lat' dir='ltr'><em>M</em></span> 
     </span>
     <span class='ocr_line' id='line_1_37' title="bbox 133 4370 692 4438; baseline 0 -15"><span class='ocrx_word' id='word_1_306' title='bbox 133 4370 323 4438; x_wconf 83' lang='lat' dir='ltr'>dogrnanizare</span> <span class='ocrx_word' id='word_1_307' title='bbox 345 4370 371 4423; x_wconf 80' lang='lat' dir='ltr'><strong><em>T</em></strong></span> <span class='ocrx_word' id='word_1_308' title='bbox 424 4373 458 4424; x_wconf 90' lang='grc'>22</span> <span class='ocrx_word' id='word_1_309' title='bbox 478 4372 601 4425; x_wconf 80' lang='lat' dir='ltr'>estimare</span> <span class='ocrx_word' id='word_1_310' title='bbox 626 4370 652 4423; x_wconf 91' lang='lat' dir='ltr'><strong><em>V</em></strong></span> <span class='ocrx_word' id='word_1_311' title='bbox 687 4414 692 4431; x_wconf 72' lang='grc'><strong>,</strong></span> 
     </span>
    </p>
   </div>
   <div class='ocr_carea' id='block_1_4' title="bbox 0 0 1568 4959">
    <p class='ocr_par' dir='ltr' id='par_1_4' title="bbox 0 0 1568 4959">
     <span class='ocr_line' id='line_1_38' title="bbox 0 0 1568 4959; baseline 0 0"><span class='ocrx_word' id='word_1_312' title='bbox 0 0 1568 4959; x_wconf 95' lang='lat' dir='ltr'> </span> 
     </span>
    </p>
   </div>
  </div>
 </body>
</html>
