3109 4959
474 423 515 478 do
544 429 683 480 sancta
710 427 954 497 uirginitate
1219 435 1285 498 255

130 620 298 695 maiorem,
338 621 423 702 quod
459 621 528 686 eins
566 622 788 704 adipiscendae
825 643 920 688 causa
957 625 1076 690 bonum
1118 626 1284 710 coniugale

131 727 379 804 transcenditur,
403 747 464 792 non
487 733 654 810 peccatum
682 729 822 814 coniugii
850 731 1019 796 deuitator.
1055 732 1194 814 alioquin
1218 753 1286 816 per·

130 837 251 916 petuae
284 835 494 898 continentiae
527 854 587 900 non
614 837 783 920 praecipue
810 831 943 916 laudari,
977 837 1034 902 sed
1065 841 1189 903 tanturn
1223 859 1284 904 non

130 941 311 1024 uituperari
344 942 515 1020 sufficeret,
545 943 572 1006 si
600 947 766 1026 propterea
794 948 963 1023 teneretur,
992 945 1141 1028 quoniam
1168 945 1286 1010 nubere

97 1050 253 1114 acrimen
283 1052 378 1114 esset.
408 1048 518 1114 deinde
548 1050 709 1132 quianon
738 1052 877 1116 humana
904 1052 1069 1130 sententia,
1094 1053 1150 1118 sed
1179 1052 1286 1116 diuina

130 1157 311 1238 scripturae
356 1156 545 1221 auctoritate
591 1157 629 1221 ad
675 1159 740 1221 tam
787 1158 942 1223 excellens
984 1159 1100 1223 donum
1142 1159 1286 1224 homines

130 1263 319 1328 exhortandi
344 1266 428 1342 sunt,
448 1283 508 1328 non
530 1263 733 1328 mediocriter
751 1284 854 1346 neque
873 1269 1108 1346 praetereunter
1128 1265 1284 1350 agendum

129 1376 194 1447 est,
210 1389 249 1434 ne
264 1369 411 1452 cuiquam
426 1370 497 1454 ipse
512 1369 618 1434 diuina
636 1370 794 1455 scriptura
808 1372 841 1434 in
856 1370 961 1453 aliquo
979 1372 1114 1436 mentita
1127 1371 1284 1436 uideatur.

130 1477 344 1542 dehortantur
376 1476 459 1541 enim
491 1476 599 1560 potius
633 1495 727 1560 quam
756 1478 962 1542 exhort-antur
993 1478 1134 1562 uirgines
1167 1497 1285 1552 sacras,

82 1607 109 1644 ro
130 1585 190 1667 qui
220 1603 273 1650 eae
298 1584 344 1648 sic
361 1603 543 1666 permanere
561 1583 744 1666 nuptiarum
765 1585 966 1650 damnatione
985 1585 1179 1667 conpellunt.
1204 1586 1285 1650 unde

129 1692 219 1756 enim
243 1690 403 1756 confidant
426 1709 537 1754 uerum
562 1709 642 1770 esse,
667 1691 752 1773 quod
775 1691 931 1774 scripturn
956 1695 1020 1756 est:
1049 1695 1088 1756 et
1116 1693 1183 1775 qui
1211 1712 1285 1757 non

130 1799 203 1862 dat
230 1801 398 1880 nuptum
426 1797 574 1862 melius
603 1798 716 1874 facit,
746 1798 772 1862 si
801 1798 919 1862 falsum
947 1802 1062 1882 putant
1089 1818 1169 1877 esse,
1199 1800 1285 1883 quod

128 1906 222 1970 iuxta
245 1904 392 1987 superius
416 1903 622 1969 nihilominus
648 1903 802 1987 scriptum
827 1909 889 1969 est:
918 1909 956 1969 et
980 1906 1047 1987 qui
1072 1905 1140 1969 dat
1163 1906 1285 1990 uirgi-

130 2032 220 2076 nem
249 2031 371 2089 suam,
395 2011 494 2075 bene
522 2010 647 2076 facit?
677 2011 704 2075 si
733 2015 839 2075 autern
868 2011 1013 2093 loquenti
1041 2013 1218 2094 scripturae
1247 2013 1285 2077 de

84 2147 109 2184 ra
130 2118 317 2200 nuptiarum
333 2119 415 2183 bono
430 2118 645 2182 indubitanter
659 2117 859 2195 crediderint,
875 2117 984 2182 eadem
999 2118 1147 2184 caelestis
1167 2120 1286 2202 eloquii

131 2224 343 2290 ueracissima
370 2224 558 2289 auctoritate
586 2224 727 2288 firmatae
756 2224 796 2287 ad
823 2224 938 2288 melius
967 2243 1064 2288 sumn
1091 2226 1226 2290 feruenti
1249 2245 1287 2290 ao

132 2332 247 2397 fidenti
279 2331 442 2396 alacritate
474 2334 696 2396 transcurrent.
730 2332 813 2395 unde
845 2331 908 2394 iarn
942 2331 1020 2396 satis
1052 2351 1108 2414 pro
1137 2338 1285 2416 suscepto

133 2439 265 2522 negotio
294 2437 430 2502 diximus
460 2441 499 2516 et,
526 2441 678 2519 quantum
707 2438 882 2522 potuimus,
912 2438 1199 2504 demonstrauimus
1227 2459 1285 2504 nec

132 2545 229 2621 illud,
258 2544 343 2626 quod
371 2545 415 2609 ait
443 2545 622 2628 apostolus:
658 2545 849 2610 existimo
878 2552 1012 2610 autem
1039 2545 1112 2608 hoc
1140 2544 1285 2609 bonum

84 2681 112 2720 eo
134 2671 229 2718 esse
252 2655 419 2734 propter
441 2655 699 2732 praesentem
723 2652 1028 2729 necessitatem,
1049 2652 1095 2716 sic
1116 2670 1186 2716 esse
1206 2652 1286 2716 acci·

133 2758 299 2843 piendum,
314 2761 478 2840 tamquam
493 2758 524 2822 in
544 2759 603 2823 boc
623 2760 749 2824 saeculo
770 2758 917 2823 meliores
937 2759 1002 2824 sint
1020 2777 1126 2823 sacrae
1146 2759 1287 2842 uirgines

131 2865 285 2929 fidelibus
309 2865 499 2948 coniugatis
518 2866 549 2928 in
573 2885 669 2950 regno
694 2869 800 2930 autem
826 2865 984 2929 caelorum
1009 2867 1104 2947 atque
1126 2865 1157 2928 in
1177 2867 1285 2930 luturo

133 2971 265 3036 saeculo
293 2991 383 3053 pares
412 2971 568 3048 stanneo
596 2971 685 3050 illud,
710 2972 766 3036 ubi
795 2972 841 3036 ait
863 2971 902 3036 de
924 2971 1132 3036 nubentibus:
1161 2972 1285 3036 tribn-

230 3233 261 3286 11
281 3231 295 3285 1
316 3233 375 3288 Cor.
395 3233 420 3295 7,
440 3233 474 3287 38
531 3235 564 3287 19
583 3233 597 3286 Ι
615 3231 675 3288 Cor.
696 3235 720 3298 7,
741 3235 775 3288 26
832 3235 866 3286 23
885 3233 899 3286 Ι
918 3231 978 3288 Cor.
999 3235 1024 3297 7,
1044 3233 1080 3286 28

174 3356 324 3410 lmaiores
343 3357 370 3412 R
425 3355 597 3426 adipiscendo
617 3357 643 3411 R
663 3355 837 3426 adipiscenda
856 3355 889 3409 K
941 3356 1041 3409 bonnm
1061 3359 1103 3409 est
1120 3356 1151 3409 Ε
1184 3356 1285 3408 tcon-

133 3445 230 3515 iugale
250 3445 352 3498 nitatur
370 3445 397 3500 R
434 3447 450 3500 3
469 3463 521 3500 non
541 3462 592 3503 om.
612 3448 642 3499 X
695 3447 856 3516 praecipuae
879 3445 974 3515 0an
994 3445 1129 3514 praecipie
1144 3445 1172 3499 R
1189 3461 1241 3498 om.
1255 3444 1286 3495 X

133 3539 226 3589 totum
245 3534 402 3588 KMENX
455 3551 509 3588 non
528 3551 578 3588 om.
598 3535 661 3588 lt'X
702 3534 899 3588 4tenetnrA¹
920 3537 1077 3597 tenerentur
1095 3533 1126 3586 X
1180 3531 1285 3600 qniaG

134 3629 151 3680 5
167 3623 263 3677 diuina
279 3623 379 3677 CP¹B:
397 3623 507 3678 diuinae
520 3623 967 3694 KqIZHSADRGTMENde
1003 3625 1017 3676 7
1038 3621 1176 3676 exortandi
1190 3621 1285 3675 IZSR

134 3715 152 3768 8
176 3713 313 3782 scriptura
336 3712 429 3766 diuina
450 3713 475 3766 G
583 3714 611 3766 in
635 3714 725 3782 aliquo
750 3730 800 3766 om.
825 3712 850 3765 Τ
955 3710 1112 3765 ..uideatur
1135 3709 1174 3776 (di
1193 3720 1241 3776 er.)
1259 3711 1288 3763 P

134 3803 151 3856 9
172 3802 334 3856 deortantur
352 3801 384 3856 H
402 3801 561 3856 dehortatur
579 3801 605 3854 R
625 3802 658 3855 de
678 3802 727 3865 hoq
745 3805 809 3865 cape
829 3802 852 3855 S
954 3804 1111 3855 exortautur
1128 3798 1215 3852 KRH
1235 3799 1285 3852 exh

134 3891 305 3946 ortantan
382 3893 414 3945 10
433 3907 502 3961 quae
522 3891 544 3945 S
562 3890 635 3960 quod
654 3891 686 3943 N
760 3893 791 3945 ll
814 3890 945 3945 confidam
966 3889 1082 3970 trusa
1101 3888 1241 3942 confidunt
1262 3887 1288 3940 T
1380 3874 1388 3888 ’

134 3997 190 4035 non
210 3997 261 4034 om.
280 3979 323 4034 K¹
374 3981 407 4034 12
427 3983 540 4049 nuptum
559 3998 610 4036 om.
630 3981 660 4034 X
711 3980 942 4049 lanquentium
961 3977 1138 4047 loquenteK
1187 3979 1220 4030 15
1235 3993 1284 4029 nu·

134 4073 244 4138 ptarum
268 4069 294 4122 Τ
387 4069 478 4138 eloqui
497 4072 523 4122 A
543 4068 693 4140 eloquiiG
786 4069 818 4122 16
837 4069 937 4122 firmati
954 4067 1091 4121 MWNX
1185 4064 1287 4118 bacK

136 4161 168 4213 17
190 4157 293 4211 fidendi
315 4157 364 4211 OB
382 4158 478 4211 fidenti
496 4159 604 4212 florenti
622 4157 654 4210 K
739 4158 882 4211 alacritate
901 4165 944 4209 tra
963 4174 1013 4212 om.
1033 4156 1060 4210 Ζ
1149 4158 1284 4208 bonacur-

134 4254 199 4300 runt
217 4245 276 4299 Ka*
291 4249 478 4300 transcurrant
495 4245 619 4299 MENX
676 4245 708 4298 18
726 4244 1079 4298 imus—demonstrauimus
1099 4259 1150 4296 om.
1169 4242 1196 4295 Z
1258 4243 1287 4293 et

135 4351 186 4390 om.
210 4335 236 4388 T
290 4335 325 4388 20
345 4335 530 4404 accipiendum
549 4337 646 4404 putent
664 4333 789 4388 MENX
842 4335 874 4387 21
896 4351 986 4388 sacrae
1005 4349 1058 4387 om.
1076 4331 1110 4385 H
