3109 4959
572 434 614 487 de
643 436 900 490 continentia
1239 442 1299 503 171

148 630 202 693 est
230 648 301 693 caro
330 648 405 693 uero
432 630 590 695 noscentis
620 649 655 693 ex
679 630 785 695 Dauid
812 631 932 695 semiue
961 636 993 695 et
1020 649 1082 696 non
1109 636 1160 697 est
1180 632 1302 696 malum

145 735 262 819 lingua
293 736 375 801 falsa
407 736 556 801 dicentis:
590 738 743 820 palpato
782 741 819 802 et
851 738 979 803 uidete
1015 740 1102 820 quia
1139 739 1301 822 spiritus

147 863 240 909 ossa
272 846 309 906 et
342 862 487 907 carnem
516 862 584 909 non
614 844 737 921 habet,
763 845 866 909 sicut
892 864 947 909 me
975 845 1120 909 uidetis
1151 846 1301 911 habere!

146 949 191 1013 de
215 950 351 1015 ecclesia
374 950 449 1033 quid
473 950 552 1015 dicit
575 952 724 1033 deceptor
746 951 913 1016 hominnm
935 952 968 1015 iu
991 953 1153 1017 mortifero
1178 956 1302 1017 errore?

108 1057 238 1139 squod
270 1076 307 1122 ex
338 1061 426 1139 parte
459 1058 635 1122 animarum
666 1058 824 1139 pertineat
860 1058 899 1122 ad
934 1058 1107 1136 Christum,
1142 1079 1178 1123 eu
1213 1063 1302 1141 parte

144 1182 319 1246 corporum
343 1164 381 1227 sd
406 1164 577 1229 diabolum.
604 1164 681 1246 quid
705 1165 744 1229 sd
768 1165 845 1229 haec
870 1165 949 1230 dicit
971 1166 1083 1230 doctor·
1105 1167 1246 1249 gentium
1270 1168 1302 1231 iu

143 1270 213 1335 tide
247 1274 279 1334 et
312 1271 467 1335 ueritate?
501 1271 673 1349 nescitis,
711 1272 825 1355 inquit,
863 1274 950 1354 quia
986 1292 1143 1354 corpora
1173 1277 1303 1337 uestra

144 1377 315 1441 membra
348 1381 436 1442 sunt
469 1377 635 1443 Christi?
669 1379 706 1442 do
740 1398 817 1443 seru
845 1379 982 1444 masculi
1009 1382 1042 1443 et
1067 1380 1203 1443 feminae
1227 1379 1303 1461 quid

146 1482 232 1547 dicit
259 1483 344 1548 filius
372 1484 580 1567 perditionis?
610 1484 693 1567 quod
721 1489 855 1567 uterque
884 1504 977 1549 serus
1005 1506 1066 1551 nou
1095 1504 1131 1549 er
1160 1485 1218 1549 deo
1250 1485 1303 1562 sit,

98 1610 126 1647 ιο
147 1590 211 1653 sed
235 1609 270 1654 ex
295 1590 431 1656 diabolo.
457 1590 530 1671 quid
557 1590 595 1654 od
619 1590 697 1655 hacc
721 1591 798 1655 dicit
821 1610 878 1655 uas
903 1591 1090 1657 electionis?
1119 1590 1230 1668 sicut,
1258 1591 1304 1655 in·

147 1696 234 1778 quit,
264 1696 399 1760 mulier
431 1715 472 1760 ex
505 1696 586 1760 uiro
616 1696 670 1759 ita
698 1699 735 1760 et
763 1696 822 1760 uir
849 1716 914 1778 per
941 1696 1148 1774 mulierem,
1181 1697 1305 1763 omnia

147 1806 278 1867 autern
303 1822 343 1867 ex
367 1802 444 1867 deo.
468 1801 507 1867 de
531 1820 621 1867 carne
645 1802 721 1885 quid
745 1802 824 1867 dicit
847 1822 903 1886 per
924 1803 1147 1868 Manichaeum
1171 1804 1304 1886 spiritus

145 1908 347 1973 inmundus?
380 1908 465 1992 quod
498 1910 542 1973 sit
572 1910 656 1973 mala
689 1908 870 1974 substantia
901 1928 958 1974 nec
995 1909 1055 1986 dei,
1089 1910 1146 1974 sed
1182 1911 1304 1975 inimici

147 2019 307 2082 creatura.
341 2016 417 2097 quid
450 2016 490 2081 ad
523 2014 600 2081 haec
629 2016 707 2080 dicit
734 2036 791 2099 per·
818 2016 954 2081 Paulum
983 2017 1116 2099 spiritus
1150 2020 1303 2081 sanctus?

98 2144 126 2182 rs
147 2122 259 2186 siout
282 2122 377 2187 euim
402 2140 539 2205 corpus
567 2143 680 2187 unum
710 2133 776 2201 est,
801 2123 978 2206 inquitet
1006 2122 1167 2187 membro
1192 2123 1305 2187 habet

146 2228 286 2305 multa,
311 2229 433 2293 omnia
456 2234 581 2293 autem
606 2214 768 2293 membra
787 2230 956 2312 corporis
976 2248 1058 2295 cum
1079 2229 1156 2293 sint
1174 2230 1304 2306 molta,

147 2354 267 2397 unum
293 2340 351 2399 est
375 2354 521 2419 corpus,
546 2336 598 2400 ita
623 2340 661 2401 et
683 2334 870 2401 Christus.
896 2338 927 2400 et
945 2338 1041 2419 paulo
1059 2339 1143 2418 post.
1164 2337 1302 2418 posuit,

147 2440 270 2524 inquit,
296 2442 386 2507 deus
411 2443 582 2518 membra,
604 2443 798 2526 singulum
823 2442 996 2525 quodque
1020 2462 1145 2508 eorum
1168 2444 1204 2506 in
1229 2461 1303 2507 cor·

146 2566 245 2631 pore
277 2553 390 2630 prout
422 2550 557 2615 uoluit.
591 2551 668 2614 item
696 2552 792 2632 paulo
823 2555 906 2632 post.
940 2550 1041 2624 deus,
1074 2550 1188 2631 inquit,
1216 2553 1304 2614 tern-

96 2679 127 2718 ιο
147 2655 308 2739 peronii
331 2674 478 2738 corpus,
503 2656 538 2720 ei
561 2656 622 2721 cui
647 2656 777 2720 deerat
799 2656 978 2721 maiorem
1001 2656 1178 2720 honorem
1202 2656 1303 2731 dans,

148 2764 199 2825 ut
227 2780 296 2825 non
325 2765 454 2826 essent
481 2762 672 2827 scissurae
700 2762 736 2827 in
765 2781 930 2845 corpore,
959 2762 1025 2827 sed
1055 2762 1153 2827 idom
1181 2763 1303 2843 ipsum

149 2870 200 2931 ut
222 2886 288 2949 pro
312 2867 476 2933 inuicem
502 2868 677 2933 sollicita
699 2868 777 2934 sint
799 2868 974 2934 membra.
995 2872 1032 2933 et
1055 2869 1136 2934 siue
1159 2868 1305 2953 patitur

150 2994 272 3039 uuum
304 2974 520 3053 membrum,
546 2976 832 3059 compatiuntur
865 2977 987 3041 omnia
1018 2975 1192 3049 membran
1222 2975 1303 3039 siue

151 3081 404 3165 glorificatur
426 3102 537 3147 unum
561 3082 776 3160 membrum,
796 3082 1036 3167 congaudent
1059 3084 1182 3147 omnia
1199 3100 1306 3145 mem·

249 3324 349 3380 runc.
369 3325 412 3391 ιι,
431 3326 465 3379 39
497 3307 499 3311 ’
530 3324 657 3381 arcer.
678 3326 703 3387 e,
725 3328 757 3380 15
828 3322 972 3380 rorcor.
993 3324 1036 3391 ιι,
1056 3325 1089 3378 12
1159 3321 1304 3378 lelcor.

153 3413 257 3477 12,12
313 3412 574 3481 171001.12,18
630 3412 775 3469 191001.
798 3414 839 3477 12,
859 3415 965 3468 24-26

196 3538 334 3592 laemine
353 3537 437 3592 dauid
454 3539 482 3594 R
572 3540 714 3593 3camem
734 3542 762 3591 et
781 3556 843 3593 ossa
860 3539 973 3593 DGXR
1063 3538 1222 3607 igentium
1242 3542 1307 3591 onte

152 3628 227 3683 dicit
244 3628 276 3681 in
294 3626 363 3681 Aca
417 3627 628 3697 dinquidMB
682 3616 761 3697 Sxpi
781 3628 891 3683 suntR
962 3627 1148 3683 masculi-»T
1199 3626 1306 3680 femini·

151 3734 211 3773 nae
233 3716 259 3769 Τ
327 3716 501 3786 9utiqueG
588 3734 619 3771 ex
638 3716 738 3771 om.M
809 3717 842 3771 10
860 3716 1106 3786 mulierinquitT
1175 3717 1208 3770 12
1226 3714 1306 3785 quid·

153 3805 226 3877 quid
244 3805 271 3858 Β
380 3805 448 3861 dicit
466 3806 577 3876 spiritus
596 3805 742 3860 inmundus
760 3822 810 3877 per
827 3806 998 3860 manicheum
1016 3806 1079 3859 DX
1169 3806 1202 3859 15
1220 3805 1308 3859 multa

151 3894 383 3950 habetmembra
404 3895 428 3947 Τ
492 3897 524 3950 16
544 3900 633 3949 autem
653 3895 753 3949 omT
825 3911 920 3964 corpus
939 3895 976 3947 M
1047 3896 1078 3947 17
1098 3910 1194 3963 corpus
1213 3894 1310 3948 estM

153 4000 255 4054 corpus
275 3986 339 4036 sunt
356 3982 419 4035 DX
471 3982 504 4036 18
523 3983 632 4052 singula
649 3984 682 4037 tn
698 4000 754 4039 roo.
774 3984 850 4039 D.G
902 3991 1022 4053 quotque
1042 3982 1146 4036 ABM²
1163 3999 1269 4053 queque
1286 3982 1310 4035 (2¹

154 4088 267 4142 quoque
286 4070 334 4125 Ml
414 4073 445 4125 21
466 4073 494 4125 in
514 4088 624 4141 corpore
643 4088 694 4126 ona.
714 4073 744 4125 D
833 4072 905 4127 idem
925 4090 976 4127 om.
998 4073 1022 4123 (J
1110 4074 1145 4127 22
1164 4078 1195 4126 ut
1213 4090 1264 4126 orn.
1287 4071 1310 4124 C

153 4178 207 4233 pro
225 4162 357 4230 inuicem]
377 4162 530 4231 promuiM
602 4162 723 4231 patiatur
742 4164 771 4215 X
843 4163 878 4217 23
898 4164 1143 4232 compatiunturX
1213 4163 1307 4215 siue—-

154 4250 281 4307 membra
304 4266 355 4304 om.
378 4248 446 4305 MX
569 4251 605 4305 24
627 4251 759 4321 gloriatur
781 4251 804 4304 0
917 4252 1129 4321 congaudebunt
1149 4251 1223 4305 TBO
1244 4266 1307 4303 con·

156 4338 300 4411 gaudeant
318 4338 349 4391 D
