3109 4959
370 490 411 546 de
440 509 529 547 curo
556 510 621 563 pro
649 495 816 547 mortuis
844 493 1014 564 gerenda
1201 495 1263 561 651

272 619 313 653 f.

118 691 150 751 et
179 683 258 770 quae
286 687 372 764 illos,
397 687 514 769 quibus
542 687 619 752 haee
647 687 799 766 indicent,
825 692 950 771 oportet
973 689 1267 772 audire..possunt

118 797 151 859 et
183 795 221 858 ab
238 851 242 860 .
259 793 393 878 angelis,
422 794 475 876 qui
508 793 613 872 rebus,
643 814 722 877 quae
755 803 894 880 aguntor
926 795 988 875 hio,
1020 800 1147 879 praesto
1180 799 1264 869 sunt,

117 900 227 965 audire
260 899 381 983 aliquid
414 900 542 980 mortui,
576 901 660 983 quod
696 920 956 985 unumquemque
993 903 1121 967 illorum
1159 901 1266 966 audire

118 1006 232 1072 debere
265 1005 395 1085 iudicat,
424 1007 475 1072 oui
508 1010 622 1073 ounota
654 1007 800 1073 subiecta
831 1012 917 1074 sunt.
952 1009 1013 1073 nisi
1042 1007 1125 1073 euim
1159 1010 1266 1072 esseut

85 1113 235 1198 sangeli‚
260 1113 315 1197 qui
337 1117 470 1196 possent
492 1113 645 1178 interesse
670 1117 701 1178 et
724 1115 874 1179 uiuorum
897 1116 930 1178 el
951 1117 1150 1179 mortuorum
1173 1113 1265 1191 loeis,

117 1239 179 1284 non
213 1219 346 1285 dixisset
378 1219 525 1285 dominus
558 1220 665 1284 Iesus:
704 1221 884 1306 contigit
917 1225 1048 1285 autern
1082 1219 1181 1285 mori
1213 1219 1265 1282 iu-

117 1343 230 1408 opem
263 1326 382 1392 illum
411 1330 451 1391 et
479 1326 633 1392 auferri
662 1328 707 1392 ab
737 1327 897 1413 angelis
925 1328 963 1392 io
993 1328 1123 1392 sinum
1147 1324 1265 1388 Abra-

116 1434 199 1498 hae.
238 1453 321 1498 nuno
350 1451 423 1517 ergo
449 1433 512 1511 hio,
537 1451 619 1498 nuno
642 1433 688 1498 ibi
713 1453 784 1500 esse
807 1438 989 1519 potuerunt,
1013 1434 1068 1516 qui
1090 1433 1165 1496 hino
1188 1430 1266 1495 illuo

116 1559 212 1622 quem
246 1540 324 1605 deus
357 1540 462 1604 uoluit
490 1539 701 1605 abstulerunt.
738 1544 875 1624 possunt
902 1542 997 1606 etiam
1025 1539 1157 1622 spiritus
1184 1556 1266 1602 mor·

68 1675 97 1712 ιο
116 1651 246 1712 tuorum
275 1649 392 1730 aliqua,
420 1666 501 1730 quae
527 1647 580 1711 hio
608 1651 755 1732 aguntur,
785 1666 864 1729 quae
891 1648 1105 1712 necessarium
1134 1649 1184 1710 est
1210 1663 1264 1710 eos

90 1771 212 1846 inesse
236 1755 269 1818 et
293 1773 371 1836 quos
396 1755 610 1819 necessarium
635 1757 685 1819 est
704 1773 741 1820 ea
758 1772 865 1832 nosse,
884 1773 945 1819 non
965 1755 1069 1818 solum
1088 1751 1266 1835 praesentia

119 1859 170 1924 uel
194 1861 374 1944 praeterita,
394 1880 507 1925 uerum
527 1861 622 1924 etiam
641 1859 747 1926 lutura
767 1859 882 1942 spiritu
902 1859 952 1924 dei
970 1859 1132 1925 reuelante
1151 1876 1267 1942 eogno-

117 1985 216 2046 soere,
250 1966 335 2030 siout
367 1987 427 2032 non
461 1986 571 2032 omnes
604 1967 758 2043 homines,
792 1966 847 2032 sed
885 1967 1066 2050 prophetae,
1100 1966 1176 2029 dum
1213 1965 1265 2029 hio

117 2073 272 2148 uiuerent,
302 2074 545 2157 cognoscebant,
574 2092 630 2138 neo
662 2073 725 2156 ipsi
754 2073 870 2150 omnia,
898 2073 955 2139 sed
984 2092 1064 2156 quae
1095 2073 1161 2136 illis
1194 2089 1264 2136 esse

68 2208 97 2247 ιε»
115 2178 288 2244 reuelonda
315 2180 366 2244 dei
394 2179 593 2262 prouidentia
621 2180 794 2246 iudicabat.
830 2181 917 2246 mitti
945 2198 1071 2263 quoquo
1099 2179 1139 2243 ad
1170 2178 1264 2244 uiuos
1304 2194 1323 2212 ⁴

116 2287 242 2368 aliquos
268 2303 303 2350 ex
326 2287 471 2364 mortuis,
496 2287 582 2351 siout
604 2307 620 2351 e
645 2287 801 2353 contrario
820 2287 940 2351 Paulus
965 2306 1000 2351 ox
1023 2286 1109 2350 uiuis
1127 2286 1159 2349 in
1177 2304 1266 2368 para·

117 2393 223 2457 disum
256 2395 366 2476 raptus
401 2396 460 2472 est,
494 2393 602 2458 diuina
635 2394 793 2476 scriptura
824 2398 971 2458 testatur.
1008 2413 1081 2458 nam
1114 2390 1266 2458 Samuhel

115 2499 272 2582 propheta
304 2499 473 2565 defunctus
506 2501 583 2566 uiuo
614 2501 683 2584 regi
716 2499 806 2566 Sauli
839 2499 935 2565 etiam
962 2500 1072 2564 futura
1097 2497 1265 2580 praedixit:

115 2607 266 2689 quamuis
299 2606 441 2672 nonnulli
474 2625 535 2671 nou
568 2607 674 2689 ipsum
706 2606 819 2688 fuisse,
853 2607 906 2689 qui
941 2607 1102 2690 potuisset
1133 2603 1266 2688 magieis

64 2741 95 2780 eo
116 2713 239 2778 artibus
273 2713 408 2792 euocari,
442 2713 498 2778 sed
532 2711 670 2797 aliquem
703 2715 851 2797 spiritum
888 2717 954 2779 tam
990 2713 1086 2778 malis
1118 2712 1265 2796 operibus

207 2939 224 2993 6
241 2939 305 2993 Luo.
327 2940 368 3003 16,
388 2941 422 2993 22
497 2941 530 2994 16
550 2939 582 2998 oi.
601 2939 629 2993 11
648 2939 709 2996 Cor.
730 2941 773 3004 12,
793 2941 810 2993 2
884 2941 917 2994 18
936 2940 969 2994 cs.
989 2940 1004 2994 Ι
1021 2939 1088 3008 Reg.
1108 2938 1151 3002 28,
1171 2939 1187 2992 7
1206 2953 1265 3006 sqq.

114 3030 152 3083 20
171 3027 203 3084 of.
224 3028 257 3082 de
277 3028 330 3083 diu.
351 3029 455 3099 quaest.
476 3027 511 3082 ad
530 3029 624 3098 Simpl.
644 3027 673 3082 11
692 3033 798 3098 quaest.
816 3028 859 3082 111

152 3154 166 3207 1
185 3152 253 3206 haee
271 3169 323 3207 om.
341 3151 405 3220 Eup
463 3152 479 3204 3
498 3151 602 3222 aliquid
620 3151 712 3206 audire
730 3150 762 3205 F
830 3152 1058 3221 unumquemque]
1077 3167 1149 3205 nono
1168 3167 1261 3219 quern·

115 3257 170 3310 que
189 3241 304 3294 ΒΤΜΑ
381 3239 517 3294 eoran
585 3240 764 3294 leubisoent
782 3239 813 3292 Ε
882 3241 953 3294 enim
972 3256 1023 3293 om.
1043 3241 1106 3309 Euo
1168 3242 1265 3308 opos-

114 3329 387 3399 suntNMAYEuy
471 3345 516 3398 pr.
537 3334 565 3383 et
584 3329 685 3384 om.V
755 3329 986 3399 docntingitK¹
1064 3328 1204 3382 lauterre
1222 3325 1266 3380 Κι

113 3419 182 3472 ferri
200 3418 355 3485 AEFXVp
373 3419 442 3472 forre
460 3419 495 3472 M
515 3417 603 3472 afferri
623 3435 656 3472 eo
674 3419 773 3472 auferri
793 3435 811 3488 φ
892 3419 953 3472 sino
971 3417 1148 3472 BNYKAY
1216 3415 1266 3469 ho·

113 3507 228 3562 braham
251 3507 389 3560 Tabroae
407 3507 438 3560 F
452 3508 580 3560 abraham
598 3507 665 3561 AB¹
755 3507 875 3577 Snunc]
894 3523 948 3560 non
967 3506 1011 3561 ΙΖ
1046 3525 1049 3532 ·
1100 3505 1150 3575 ibi]
1169 3505 1263 3572 illiop

114 3597 213 3650 ubiX
270 3596 342 3650 huno
361 3597 390 3650 X
444 3595 553 3650 illudI
568 3596 644 3649 illum
664 3597 744 3666 NqX
800 3596 833 3650 10
852 3613 922 3665 quae
941 3597 1003 3666 oll.]
1022 3613 1089 3665 quos
1111 3592 1269 3662 YquiaF

115 3703 148 3740 ea
161 3684 372 3740 BTMAKYF
425 3687 455 3740 11
473 3689 617 3739 et-nosse
631 3687 662 3739 io
676 3703 726 3756 mp.
742 3686 768 3739 Ζ
786 3703 836 3740 orn.
851 3685 883 3740 F
934 3685 1006 3756 quod
1024 3684 1053 3739 Y
1064 3701 1133 3754 quse
1147 3681 1271 3737 MART·

113 3791 170 3828 non
190 3779 233 3828 est
249 3773 399 3828 BYKMA
476 3778 519 3828 est
537 3791 587 3829 om.
607 3775 637 3829 Ε
707 3791 739 3828 eo
757 3774 848 3844 nosse]
869 3791 915 3828 eos
933 3791 987 3828 noo
1006 3791 1086 3828 nosse
1104 3771 1169 3827 ΒΜ
1173 3771 1265 3825 ΤὛΑ

113 3879 170 3918 nun
196 3863 283 3916 solum
309 3862 491 3917 necessarium
517 3879 570 3916 non
597 3867 639 3916 est
665 3880 710 3917 eos
735 3879 790 3916 non
814 3878 894 3916 nosse
919 3879 973 3915 non
998 3861 1085 3916 solum
1110 3859 1266 3930 praesentis

112 3969 171 4021 sqq.
190 3951 221 4005 F
289 3951 438 4021 praeterita
457 3953 501 4005 uel
520 3953 674 4022 praesentia
693 3951 730 4006 bd
797 3953 830 4005 12
850 3952 931 4005 etiarn
950 3968 1000 4006 om.
1021 3951 1083 4004 MA
1148 3952 1181 4003 14
1198 3948 1265 4016 illis]

112 4041 169 4112 ipsi
192 4041 222 4095 Y
286 4041 318 4094 15
338 4039 443 4096 iudicat
460 4041 497 4094 M
514 4040 643 4096 audiebat
665 4040 734 4095 w
806 4042 895 4095 mittit
917 4041 947 4094 Y
1015 4041 1049 4094 sd
1067 4039 1146 4092 uiuos
1164 4054 1216 4092 om.
1235 4039 1267 4090 X

115 4131 150 4184 16
171 4129 276 4198 aliquos
297 4135 338 4195 (os
359 4130 424 4184 add.
443 4147 477 4184 m.
499 4133 528 4196 2)
547 4131 579 4184 N
596 4131 695 4200 aliquis
714 4130 755 4185 Κι
821 4148 835 4184 e
855 4147 904 4184 ons.
925 4128 1015 4182 ΒΜΔ
1077 4129 1173 4198 paulus
1193 4126 1265 4196 quod

112 4219 175 4276 EF
280 4219 442 4288 paradysum
461 4219 495 4272 N
503 4228 507 4238 '
582 4221 614 4274 17
634 4224 727 4289 raptus
745 4220 777 4274 irs
795 4237 845 4290 osy.
865 4236 899 4273 m.
920 4223 939 4273 2
962 4219 987 4271 T
1084 4219 1137 4287 est]
1158 4233 1217 4271 esse
1235 4217 1268 4269 X

113 4309 221 4363 samuel
234 4309 478 4380 EFRYVqubd
534 4309 566 4363 18
586 4309 739 4378 defunctus]
758 4313 907 4376 mortuus?
962 4307 1037 4362 Sauli
1055 4307 1138 4360 etiam
1156 4307 1215 4375 regi
1229 4305 1267 4359 bd

115 4399 150 4452 19
170 4397 294 4451 nonnulli
312 4397 414 4452 oonV
483 4399 575 4467 potuit
592 4397 630 4453 Ζ1
648 4400 768 4469 potuisse
792 4399 878 4452 ΤΜΑ
931 4397 967 4452 20
985 4399 1041 4450 tam
1060 4411 1112 4450 om.
1131 4395 1161 4450 F
