3109 4959
305 438 371 503 578
654 433 681 488 S.
710 433 848 488 Aureli
875 432 1093 502 Augustini

305 631 474 696 consilium
499 629 668 712 capiendae
692 629 779 694 uitae
803 630 947 693 aeternae
973 627 1148 710 requirenti
1171 627 1227 704 ait,
1259 629 1299 690 ut
1325 626 1456 704 faceret,

305 739 332 802 si
355 738 455 802 uellet
477 755 561 800 esse
584 735 790 818 perfectae,
814 738 851 798 nt
873 733 1025 812 uenditis,
1046 753 1126 816 quae
1145 733 1295 810 habebat,
1319 736 1353 797 et
1374 734 1457 798 indi·

304 845 428 928 gentiae
442 861 615 925 pauperum
633 841 813 906 distributis
832 861 905 905 eum
920 843 1117 923 sequeretur.
1132 844 1188 904 aut
1200 841 1376 923 quisquam
1389 845 1456 905 tam

305 949 450 1032 expeditu
475 965 569 1014 cursu
595 949 725 1012 secutus
751 951 801 1012 ast
824 946 987 1012 deminum
1011 965 1105 1028 quam
1128 945 1193 1022 ille,
1217 946 1274 1028 qui
1297 945 1359 1010 ait:
1387 965 1457 1012 uon

305 1055 340 1118 in
365 1074 523 1120 uacuum
548 1055 700 1119 cucurri
723 1072 791 1118 nec
813 1054 848 1118 iu
874 1073 1034 1118 uacuum
1057 1052 1251 1118 laborauit
1270 1052 1328 1134 qui
1346 1056 1455 1117 tamen
1482 1075 1494 1114 s

305 1181 400 1244 opera
426 1162 490 1226 ieta
520 1165 553 1225 et
579 1160 740 1243 praecepit
767 1164 801 1225 et
826 1160 914 1227 lecit.
942 1160 1020 1224 haec
1048 1159 1139 1225 nabis
1167 1162 1258 1222 tanta
1281 1159 1458 1224 aucteritas

306 1268 409 1332 doctis
425 1272 457 1332 et
470 1267 647 1332 informatis
658 1265 805 1330 sufficere
816 1265 928 1330 debuit
938 1260 991 1350 [ad
1004 1261 1195 1352 exemplum]
1209 1268 1242 1330 et
1255 1263 1459 1347 relinquendi

304 1373 454 1457 pristinas
482 1373 652 1438 facultates
681 1375 713 1436 et
740 1371 887 1438 manibus
917 1371 1076 1453 operandi.
1102 1371 1158 1434 sed
1183 1374 1216 1434 et
1237 1389 1297 1434 nce
1323 1371 1457 1453 abipsa

306 1479 431 1544 domino
447 1479 548 1544 adiuti
562 1497 734 1561 possumus
749 1477 885 1542 domasse
899 1481 1074 1560 utcumque
1089 1495 1281 1560 cognoscere
1296 1478 1400 1542 etiam
1413 1478 1459 1540 sie

305 1585 508 1667 operantibus
528 1584 630 1649 seruis
650 1584 700 1648 dai
714 1583 819 1666 priora
832 1587 938 1648 tamen
958 1583 1086 1666 negotia
1104 1583 1273 1665 reliquisse
1292 1582 1375 1665 quid
1389 1603 1458 1665 prc-
1475 1609 1497 1648 n

305 1691 358 1758 sit.
374 1692 401 1756 si
417 1691 498 1755 enim
513 1691 552 1755 ad
572 1692 651 1756 hanc
666 1691 766 1756 uitam
781 1709 817 1754 ex
832 1690 932 1754 diuite
947 1691 1083 1773 quisque
1102 1688 1303 1754 conuertitur
1317 1694 1351 1753 et
1370 1690 1458 1754 nulla

304 1797 487 1862 infirmitate
507 1798 646 1880 corperis
664 1797 835 1880 inpeditur,
854 1797 940 1860 itane
959 1795 1135 1879 desipimus
1154 1812 1173 1860 a
1191 1813 1311 1878 sapore
1326 1795 1457 1869 Christi,

305 1908 423 1969 utnon
447 1904 672 1986 intellegamus
697 1907 836 1985 quantus
859 1902 973 1986 prieris
997 1902 1163 1984 superbiae
1185 1906 1294 1967 tumor
1318 1907 1457 1982 sanetur,

305 2030 375 2076 cum
410 2009 605 2076 circumcisis
638 2010 817 2093 superfluis,
851 2009 968 2091 quibus
999 2012 1072 2073 ante
1101 2009 1226 2074 animus
1251 2009 1459 2074 exitiabiliter

303 2117 482 2195 inflabatur,
520 2115 560 2179 ad
596 2115 722 2182 modica
758 2135 839 2199 quae
875 2119 998 2182 restant
1032 2115 1108 2180 huic
1143 2115 1230 2180 uitae
1267 2117 1459 2181 naturaliter
1474 2139 1496 2180 a

304 2223 480 2288 necessaria
500 2223 596 2287 etiam
615 2222 738 2305 opificis
757 2222 921 2288 humilitas
940 2222 1071 2286 minime
1088 2225 1276 2286 recusetur?
1300 2224 1332 2288 si
1350 2227 1458 2288 autem

305 2330 343 2394 ad
376 2331 456 2394 hanc
489 2329 590 2394 uitam
622 2349 658 2394 ex
690 2332 877 2412 paupertate
910 2329 1117 2406 conuertitur,
1148 2346 1211 2392 non
1241 2333 1340 2409 putet
1367 2330 1402 2393 id
1424 2349 1458 2394 se

304 2456 395 2522 agere
415 2437 498 2518 quod
519 2436 642 2520 agebat,
664 2435 692 2500 si
711 2435 749 2498 ab
769 2453 875 2500 amere
889 2436 942 2500 uel
961 2433 1123 2518 augendae
1142 2435 1458 2518 quantulaecumque

304 2544 347 2608 rei
371 2543 513 2624 priuatae
536 2543 600 2607 iam
624 2561 684 2606 nnn
710 2561 863 2624 quaerens
887 2560 967 2623 quae
991 2559 1050 2605 sua
1072 2543 1157 2615 sunt,
1182 2540 1238 2606 sed
1262 2560 1348 2622 quae
1370 2543 1458 2607 Iesu

305 2649 449 2714 Christi
474 2647 513 2712 ad
536 2648 713 2714 communis
737 2648 825 2713 uitae
848 2667 882 2712 se
905 2648 1071 2713 transtulit
1093 2647 1260 2713 caritatem
1283 2649 1318 2712 in
1348 2669 1458 2714 enrurn
1475 2673 1498 2714 a

304 2755 456 2820 societate
480 2753 635 2829 uicturus,
660 2753 775 2836 quibus
800 2756 851 2818 est
873 2753 978 2818 anima
999 2771 1062 2818 una
1085 2757 1118 2818 et
1140 2772 1193 2817 cnr
1210 2773 1315 2818 unum
1334 2756 1367 2818 in
1389 2756 1458 2829 deo,

303 2860 349 2925 ita
372 2863 408 2923 ut
430 2879 521 2924 nemo
546 2859 632 2925 dicat
655 2859 802 2942 aliquid
825 2860 1029 2942 preprium,
1055 2859 1120 2924 sed
1142 2859 1208 2924 sint
1225 2860 1313 2924 illie
1334 2863 1459 2926 emnia

395 3051 462 3106 lei.
481 3050 579 3104 llatth.
602 3051 643 3112 19,
662 3052 696 3103 21
760 3049 967 3114 41111216
1032 3051 1065 3103 19
1085 3049 1118 3103 cf.
1136 3048 1207 3103 Phil.
1227 3051 1253 3114 2,
1273 3051 1307 3104 21
1367 3054 1404 3107 22
1423 3053 1458 3107 ei.

303 3139 363 3194 act.
383 3140 407 3203 4,
427 3141 461 3194 32

342 3261 478 3316 laeterni
497 3260 525 3312 B
618 3264 690 3316 2ut
714 3277 765 3315 om.
791 3261 820 3316 N
911 3262 1094 3332 3qnieqnam
1117 3263 1186 3331 tam]
1209 3262 1357 3332 qnisquam
1383 3265 1461 3319 CLO
1553 3278 1554 3309 2

304 3350 365 3418 quis
383 3354 439 3403 tam
458 3349 618 3421 PFDAMp
686 3349 848 3420 dexpedite
867 3350 894 3403 A
962 3351 1067 3404 beurri
1085 3351 1118 3403 ia
1135 3367 1192 3404 ras.
1211 3351 1237 3403 L
1312 3355 1372 3406 tarn
1394 3351 1465 3405 (ἾΝ

303 3436 404 3492 discit
423 3443 451 3490 et
470 3437 607 3506 praecepit
626 3440 653 3491 A
734 3437 786 3490 hoc
804 3436 872 3490 Dbd
888 3453 939 3490 nec
957 3435 1012 3492 FA
1109 3438 1268 3508 aucteritas]
1289 3442 1459 3494 auetorimte

304 3529 342 3587 (te
362 3541 431 3580 corr.
450 3543 484 3579 m.
500 3529 520 3580 2
534 3543 567 3578 eac
580 3526 603 3580 it
617 3532 666 3580 aut
682 3527 714 3592 ti)
734 3525 762 3588 0,
777 3525 1034 3597 PLOFDAqud
1052 3527 1201 3580 aucteritas
1214 3531 1242 3579 te
1257 3531 1284 3594 (s
1297 3529 1331 3582 in
1344 3545 1416 3584 ναις
1433 3529 1461 3582 Β

304 3614 426 3668 'idoctia
446 3620 475 3668 et
493 3615 645 3668 informatis
665 3631 715 3670 om.
739 3615 806 3668 G¹N
875 3613 910 3668 ad
928 3615 1079 3684 exemplum
1098 3631 1150 3668 om.
1170 3615 1248 3669 cedd.
1325 3621 1356 3670 et
1374 3619 1461 3671 relin-
1552 3640 1554 3727 q

304 3703 414 3772 quendi]
434 3701 639 3772 derelinquendi
658 3702 934 3758 PLOFDAMfflbd
1006 3705 1040 3757 10
1059 3703 1103 3757 dei
1122 3705 1207 3757 sernia
1225 3705 1256 3758 N
1327 3709 1360 3759 ll
1384 3709 1459 3776 quis·
1552 3734 1553 3741 1

304 3808 383 3860 quarn
402 3791 483 3862 qud
502 3792 601 3860 quique
615 3791 645 3845 D
702 3794 733 3846 12
754 3793 873 3861 eorporis
891 3791 1049 3846 infirmitate
1068 3791 1101 3846 N
1115 3791 1274 3861 prepeditus
1291 3796 1420 3864 corporis
1433 3797 1460 3848 A

304 3881 337 3934 13
357 3880 499 3947 superbiae
518 3880 615 3948 prioris
634 3880 699 3934 de
784 3881 867 3944 timer
884 3879 926 3934 N¹
1002 3883 1115 3934 sanatur
1131 3881 1266 3948 PDMAq
1360 3885 1398 3938 15
1417 3885 1460 3936 iu·
1551 3930 1552 3945 ,

303 3967 419 4021 flauatur
443 3971 489 4032 (ua
510 3970 542 4022 ia
561 3968 595 4022 ba
614 3973 696 4034 corr.)
718 3968 741 4022 0
763 3969 981 4023 inflammabatur
999 3968 1100 4024 AMbd
1190 3971 1222 4023 16
1241 3970 1373 4039 opiticum
1393 3973 1464 4027 Du

303 4056 447 4126 opicumq
564 4065 703 4112 recusatur
729 4056 864 4127 PDMAq
993 4059 1023 4112 17
1053 4056 1083 4111 id
1108 4059 1150 4128 ae]
1178 4059 1237 4126 ipse
1260 4057 1288 4112 L
1310 4075 1344 4113 se
1366 4060 1400 4114 id
1423 4061 1461 4114 ed

304 4143 338 4196 18
362 4145 637 4214 quantulumcumque
660 4145 766 4216 PDMT
868 4148 900 4201 19
925 4147 1079 4216 reprinatae
1097 4146 1125 4200 L
1223 4147 1258 4200 20
1278 4151 1459 4218 conmunire:

303 4232 335 4284 21
357 4231 487 4286 societate
506 4233 533 4286 L
605 4234 741 4288 uiuiturus
760 4235 788 4287 P
809 4235 913 4288 uiuitur
931 4251 963 4288 ns
980 4254 996 4305 γ
1015 4235 1143 4290 uicturiu
1161 4236 1188 4289 L
1265 4236 1382 4308 qnibns}
1404 4256 1459 4308 qua
1550 4308 1551 4313 ἵ

300 4317 339 4374 ibi
358 4321 387 4374 D
459 4320 538 4374 deum
556 4322 666 4377 LOFD
719 4325 754 4376 22
774 4327 839 4376 sunt
858 4323 890 4377 N
