3109 4959
314 421 380 482 410
671 417 697 472 S.
726 417 863 472 Aureli
890 417 1110 487 Augustini

313 633 397 690 mus,
417 613 563 688 dicimus,
585 612 639 695 qui
659 629 785 694 quoquo
803 611 898 677 modu
914 631 932 676 a
951 631 985 676 se
1010 612 1247 678 discedentibus
1266 615 1321 678 uel
1338 623 1449 698 prepter

314 718 504 784 adulterium
538 718 679 784 dimissis
713 718 904 803 coniugibus
933 719 1002 784 suis
1029 719 1109 785 alias
1136 721 1252 784 uolunt
1279 719 1393 785 ducere
1418 725 1446 786 et.
1515 734 1516 829 p

314 845 386 890 curn
405 825 620 910 prohibentur,
639 819 856 890 infirmitatem
879 825 971 890 nubis
996 824 1099 890 earnis
1124 826 1297 909 obponunt.
1322 827 1378 892 sed
1399 827 1447 891 ian

312 932 393 996 liber
420 932 515 997 etism
543 932 604 996 iste
627 931 822 998 claudendus
847 935 897 997 est
919 936 952 997 et
973 931 1134 1017 rogandus
1157 932 1248 1011 deus,
1273 937 1308 998 ut
1331 936 1387 998 eut
1406 952 1446 998 ees

313 1039 464 1122 temptari
491 1056 551 1103 non
582 1039 665 1104 sinat
693 1039 945 1120 separationibus
969 1039 1141 1123 coniugum
1165 1042 1222 1103 aut
1243 1040 1290 1103 ita
1312 1041 1402 1116 sinat
1421 1043 1472 1102 uts

313 1145 410 1209 timor
435 1145 644 1228 periclitantis
673 1147 788 1210 salutis
815 1144 871 1210 liet
898 1145 964 1210 illis
988 1146 1153 1230 amplioris
1182 1146 1251 1210 siue
1273 1145 1443 1228 probatioris
1516 1164 1517 1231 p

315 1251 439 1316 senasio
464 1251 632 1317 eastitatis.

352 1443 495 1512 lquoquu
515 1445 572 1511 (pr.
592 1458 645 1511 quo
663 1459 685 1499 s.
706 1442 724 1496 l.
744 1443 810 1496 add.
828 1459 863 1496 m.
884 1445 914 1508 2)
938 1443 964 1497 Τ
1046 1443 1167 1497 letiam
1185 1443 1282 1499 oms
1362 1444 1441 1496 freon·

314 1530 383 1599 iugii
404 1529 427 1584 S
479 1531 495 1582 6
514 1530 583 1598 siue]
604 1547 670 1585 suae
688 1531 718 1584 Ε
788 1531 909 1602 Explicit
925 1531 996 1584 liber
1013 1531 1042 1584 11
1062 1530 1095 1584 ed
1113 1529 1282 1584 Pollentiam
1305 1529 1338 1584 de
1356 1529 1441 1584 adulte
1517 1596 1518 1605 ἵ

314 1617 380 1671 rinis
400 1617 535 1687 coniugiis
553 1617 616 1682 BV,
630 1618 687 1686 sol.
709 1619 759 1672 74ιι
779 1619 812 1681 Τ,
826 1618 881 1687 fol.
904 1623 954 1673 77·
968 1617 1007 1686 N,
1026 1619 1082 1688 sol.
1105 1621 1155 1673 42·
1171 1619 1207 1686 Β,
1222 1619 1277 1688 fol.
1297 1619 1348 1672 372
1361 1619 1390 1672 E
1400 1617 1440 1670 Ex·
1517 1664 1518 1667 ,

316 1704 431 1776 plieiunt
448 1705 512 1760 libri
531 1705 564 1760 de
584 1707 717 1777 coniugiis
737 1705 899 1762 adulterinis
912 1707 968 1775 sol.
983 1709 1037 1761 27³
1052 1706 1091 1760 M
1105 1707 1224 1778 Explicit
1241 1706 1312 1762 liber
1328 1705 1440 1761 serendus
1517 1706 1518 1757 1

315 1795 389 1849 besti
414 1795 562 1865 Augustini
588 1795 621 1850 de
647 1794 809 1850 adulterinis
834 1796 968 1866 coniugiis
986 1796 1042 1864 sol.
1068 1796 1127 1850 ΠΡ
1145 1795 1186 1862 P,·
1209 1813 1229 1850 a
1253 1796 1344 1850 eodioe
1362 1793 1385 1849 δ
1396 1794 1439 1861 sel.

316 1884 388 1938 120b
402 1883 567 1953 subscriptio
588 1885 663 1940 aben
680 1883 802 1956 Explicit
820 1885 853 1939 de
873 1884 1034 1940 edulterinis
1054 1885 1187 1955 coniugiis
1205 1885 1276 1940 liber
1292 1883 1321 1938 11
1333 1891 1351 1939 t.
