3109 4959
269 416 333 481 370
625 413 651 466 S.
681 410 820 464 Aureli
847 409 1065 479 Augustini

268 607 380 672 horum
418 608 585 690 praecepto
618 603 738 669 domini
770 603 906 685 quisque
939 602 1127 685 conpellitur
1157 638 1202 648 -
1232 601 1289 666 sed
1320 603 1409 666 etiam

269 717 440 796 utrumque
473 711 609 796 expedit,
637 710 725 774 aliud
756 709 874 783 minue,
902 708 991 772 eliud
1017 708 1165 790 amplius,
1193 708 1277 773 unde
1305 708 1347 773 ad
1369 707 1410 779 id,

268 820 353 903 qnod
389 819 526 903 emplius
563 816 699 901 expedit,
736 816 869 881 oonsilio
907 815 1044 900 apostoli
1081 815 1274 897 quicumque
1310 817 1411 898 potent

268 945 380 1011 cepere
411 927 614 1008 prouocatur.
655 925 716 989 hoo
749 926 857 988 autem
888 923 945 988 ubi
977 922 1017 986 de
1048 921 1236 986 dimittendo
1269 923 1324 986 uel
1354 941 1411 986 non

267 1033 455 1099 dimittendo
473 1032 592 1098 infideli
613 1031 760 1116 coniugio
780 1032 951 1113 quaeritur,
965 1035 1136 1112 utrumque
1154 1029 1282 1112 quidem
1301 1031 1414 1113 pariter
1439 1051 1452 1087 s

266 1142 392 1207 iioitum
425 1143 474 1204 est
505 1159 560 1223 per
591 1139 759 1214 iustitiam,
788 1157 869 1220 quae
902 1157 1006 1203 eorem
1039 1137 1166 1202 domino
1197 1142 1256 1212 eet,
1285 1139 1320 1201 et
1345 1137 1412 1201 ideo

268 1247 347 1313 nihil
379 1247 492 1311 horum
526 1245 673 1310 dominus
705 1245 866 1329 prohibet;
905 1242 1054 1310 sednon
1086 1246 1258 1327 utrumque
1291 1244 1415 1327 expedit

268 1357 396 1438 propter
427 1353 627 1418 infirmitates
659 1351 835 1429 hominum,
864 1353 897 1414 et
922 1351 994 1416 ideo
1022 1351 1055 1415 id
1083 1351 1168 1432 quod
1198 1371 1261 1416 non
1292 1351 1416 1436 expedit

269 1460 434 1542 apostolus
451 1458 599 1540 prohibet
617 1457 710 1521 dante
730 1457 791 1520 sibi
806 1456 932 1520 domino
945 1455 1082 1520 iibemm
1096 1456 1284 1538 prohibendi
1298 1458 1413 1531 looum,

269 1569 343 1649 quia
366 1584 469 1648 neque
488 1563 530 1642 id,
552 1563 636 1646 quod
654 1565 763 1628 monet
780 1564 955 1645 apostolus,
974 1563 1121 1644 prohibet
1143 1563 1292 1628 dominus
1316 1583 1416 1646 neque
1433 1587 1457 1626 io
1551 1608 1552 1615 1

267 1673 311 1752 id,
327 1673 412 1756 quod
429 1671 577 1755 prohibet
596 1669 771 1753 apostolus,
786 1669 877 1733 iubet
895 1669 1052 1734 dominus.
1072 1670 1236 1753 quodnisi
1255 1671 1303 1734 ite
1321 1676 1415 1741 esset

267 1798 368 1861 neque
396 1781 503 1843 contra
531 1775 777 1859 prohibitionem
802 1775 921 1840 domini
944 1776 1108 1859 apostolus
1130 1775 1254 1858 aliquid
1274 1782 1417 1842 moneret

267 1904 369 1967 neque
405 1889 514 1949 eontra
544 1883 719 1948 iussionem
752 1881 871 1964 aliquid
903 1883 1095 1964 prohiberet.
1139 1883 1272 1964 proinde
1303 1885 1336 1948 in
1367 1885 1416 1949 hie

268 1991 391 2056 dinetus
422 1989 536 2067 oensis,
564 2008 627 2053 una
654 1990 692 2054 de
721 1988 867 2053 nubendo
894 1989 948 2053 uel
975 2008 1037 2053 non
1064 1988 1222 2067 nubendo,
1251 1991 1415 2056 alterode

266 2097 388 2162 infideli
414 2097 548 2179 coniuge
572 2095 760 2160 dimittendo
784 2095 838 2158 uel
860 2113 922 2159 non
946 2095 1144 2175 dimittendo,
1168 2096 1290 2180 aliquid
1313 2097 1416 2162 simile
1433 2117 1458 2157 n

267 2207 319 2267 est
345 2204 377 2267 in
402 2201 508 2266 uerbis
533 2201 679 2286 apostoli,
705 2201 826 2283 aliquid
850 2201 1015 2266 dissimile.
1044 2202 1149 2267 simile
1172 2203 1302 2285 quidem
1324 2203 1415 2267 iliud,

268 2309 353 2392 quod
376 2313 409 2373 et
432 2309 476 2372 ibi
496 2309 586 2374 dicit:
611 2310 873 2392 praeeeptum
898 2308 1050 2373 domini
1073 2327 1148 2373 non
1171 2309 1311 2377 habeo,
1332 2329 1414 2374 oon-

268 2415 409 2480 silium
435 2417 566 2478 autem
586 2412 642 2492 do,
668 2417 700 2478 et
718 2413 769 2478 hio
790 2413 881 2478 dicit:
903 2433 974 2498 ego
998 2414 1101 2493 dieo,
1121 2435 1195 2480 non
1219 2414 1414 2479 dominun.

268 2521 360 2602 quele
393 2523 443 2584 est
475 2519 557 2584 enim
592 2521 864 2602 ‘praeceptum
893 2519 1044 2584 domini
1072 2539 1147 2584 non
1175 2521 1323 2598 habeo,
1351 2521 1414 2586 tale

268 2631 318 2692 ost
341 2629 424 2692 ‘non
454 2625 558 2691 dicit
586 2625 799 2700 dominue‘;
834 2628 865 2690 et
893 2627 985 2709 quale
1020 2631 1070 2691 est
1092 2629 1324 2693 ‘eonsilium
1346 2628 1412 2705 do‘,
1431 2653 1459 2690 ιο

266 2735 331 2798 tale
351 2737 401 2798 eet
414 2735 496 2816 ‘ego
517 2733 627 2797 dioo‘.
646 2732 728 2797 illud
748 2736 855 2797 eutem
875 2731 1103 2812 dissimilem,
1118 2733 1193 2816 quie
1211 2735 1250 2799 de
1268 2734 1414 2800 nubendo

266 2845 300 2904 et
322 2859 382 2904 non
407 2838 552 2904 nubendo
576 2842 685 2921 potest
708 2839 781 2916 diei,
801 2839 861 2902 hoo
883 2838 962 2902 bone
986 2839 1064 2918 fieri,
1082 2839 1164 2905 illud
1186 2841 1314 2918 melius,
1339 2859 1414 2924 qno

267 2947 352 3011 niam
384 2949 555 3028 utrumque
589 2944 723 3028 expedit,
752 2946 858 3010 minue
887 2945 984 3022 aliud,
1013 2947 1116 3032 magio
1144 2948 1245 3026 eliud3
1278 2953 1413 3012 otnero

266 3053 305 3117 de
338 3053 472 3136 coniuge
504 3051 624 3116 infideli
653 3051 840 3116 dimittendo
868 3051 921 3116 uel
948 3071 1010 3116 non
1038 3052 1238 3132 dimittendo,
1266 3055 1412 3137 quoniam

359 3810 391 3863 17
412 3809 424 3862 I
445 3809 504 3864 Cor.
525 3812 549 3874 7,
569 3812 604 3864 25
662 3809 805 3866 181001.
826 3812 851 3876 7,
872 3812 905 3865 12

303 3949 417 4003 {iliberi
441 3951 502 4003 TB¹
559 3951 589 4005 ll
610 3953 682 4021 quod
702 3969 753 4008 oni.
770 3953 799 4009 R
872 3952 944 4022 quod
962 3954 1039 4008 iubet
1055 3953 1083 4010 R
1139 3956 1171 4010 13
1189 3956 1337 4011 iussionem
1354 3957 1413 4012 eine

270 4037 449 4092 VEMNsou
504 4040 536 4093 17
557 4043 585 4092 et
602 4057 623 4095 e.
643 4042 660 4094 i.
681 4041 714 4093 N
728 4057 779 4096 om.
799 4041 828 4096 R
889 4043 1256 4114 22fieripoteetESfieri
1273 4045 1417 4117 pptoqtll’

265 4127 302 4180 23
325 4142 408 4180 unum
431 4127 520 4180 minue
538 4127 573 4180 M
645 4129 721 4183 aliud
744 4145 795 4184 om.
815 4129 853 4184 M
943 4131 1018 4185 eliud
1040 4133 1127 4202 megin
1145 4133 1183 4186 M
1252 4137 1340 4188 meino
1361 4135 1414 4188 ΤΒ

267 4214 302 4267 24
321 4214 429 4284 coniugi
443 4215 499 4269 BT
552 4215 767 4271 fideliBTVN¹
803 4219 837 4272 27
857 4217 978 4273 dimittet
997 4226 1028 4277 io.
1049 4237 1064 4275 e
1082 4220 1147 4275 add.
1167 4223 1195 4292 e)
1213 4228 1231 4277 fi
1250 4221 1416 4278 dimittati*

265 4301 317 4370 eie]
338 4301 361 4354 oi
383 4301 409 4354 Τ
460 4303 495 4357 29
515 4306 543 4357 et
560 4320 612 4358 orn.
635 4305 661 4357 Τ
732 4305 964 4375 quemammodum
982 4308 1021 4363 B¹

267 3179 365 3225 unum
398 3159 510 3225 horum
543 3177 604 3224 non
637 3158 772 3241 expedit,
802 3158 890 3222 aliud
922 3159 1057 3241 expedit,
1087 3159 1149 3225 diei
1180 3180 1241 3226 non
1275 3165 1412 3245 oportet:
1432 3185 1461 3222 nn
1550 3214 1551 3229 ,

265 3266 322 3349 qui
345 3265 487 3344 dimittit,
512 3266 588 3330 bene
612 3265 702 3342 iuoit3
728 3267 760 3330 et
783 3265 838 3347 qui
861 3283 922 3330 non
945 3265 1088 3344 dimittit,
1113 3269 1227 3332 meliun
1250 3269 1338 3346 feeit,
1358 3269 1413 3333 sed

266 3371 331 3436 diei
360 3374 498 3455 oportet:
532 3391 593 3437 non
623 3371 773 3448 dimittat,
803 3372 878 3454 quie
906 3372 967 3436 etsi
993 3373 1081 3450 licet,
1109 3393 1171 3438 non
1198 3374 1335 3458 expedit.
1367 3376 1412 3438 ei(¹

265 3497 340 3562 ergo
373 3497 545 3561 possumus
578 3478 682 3543 dieere
715 3479 832 3543 melius
865 3497 936 3543 esse
966 3479 1124 3545 infidelem
1157 3481 1326 3566 coniugem
1352 3501 1412 3546 non

267 3585 436 3662 dimittere,
467 3585 612 3668 quamuis
644 3585 740 3649 liceat
772 3588 805 3650 et
837 3584 1007 3663 dimittere,
1035 3587 1302 3670 quemadmodum
1329 3593 1413 3654 reete
