3109 4959
287 446 329 510 70
638 442 664 497 S.
693 440 831 495 Aureli
857 440 1076 512 Augustini

287 656 398 703 onem
429 642 631 722 operatur.
666 656 726 702 non
761 636 845 702 enim
877 637 956 702 lides
988 637 1045 702 illa
1077 638 1276 713 daemonnm,
1310 656 1381 702 eum
1406 642 1442 703 et

285 746 349 829 ipsi
373 745 503 810 credant
526 748 559 809 et
581 748 834 810 contremescant
852 743 1004 809 etlilium
1024 744 1074 809 dei
1093 743 1304 810 confiteantur
1320 744 1440 823 lesum,

285 855 394 935 potest
416 850 517 934 accipi
540 851 572 915 in
595 850 848 916 fundamentum.
874 854 991 933 quare?
1014 850 1077 916 nisi
1101 850 1256 932 quianon
1276 855 1326 915 est
1348 850 1439 931 fides,

287 978 368 1040 qnae
393 961 541 1041 operatur
562 976 619 1039 per
642 957 854 1033 dilectionem,
880 956 936 1021 sed
960 976 1040 1039 quae
1064 954 1251 1040 exprimitur
1273 976 1329 1041 per
1346 958 1440 1021 timo-

287 1084 365 1131 rem.
392 1064 473 1130 fides
500 1065 610 1147 itaque
634 1062 762 1146 Christi,
791 1064 871 1128 fides
900 1065 1018 1148 gratiae
1048 1064 1249 1139 christianae,
1272 1064 1305 1127 id
1329 1067 1381 1129 est
1402 1082 1440 1127 ea
1471 1090 1484 1129 s

285 1171 375 1248 fides,
404 1190 485 1253 quae
517 1188 574 1253 per
605 1169 808 1235 dilectionem
842 1175 998 1254 operatur,
1031 1172 1136 1252 posita
1166 1170 1199 1235 in
1232 1169 1439 1235 fundamento

286 1276 446 1341 neminem
472 1276 574 1358 perire
600 1274 767 1358 permittit.
799 1275 855 1341 sed
884 1275 960 1357 quid
988 1276 1031 1339 sit
1058 1276 1223 1341 aedificare
1251 1294 1347 1359 super
1379 1276 1441 1341 hoo

286 1382 527 1447 fundamentum
560 1400 682 1461 summ,
711 1385 889 1465 argentum,
918 1381 1040 1463 lapides
1073 1384 1231 1466 pretiosos
1269 1386 1302 1447 et
1340 1382 1439 1466 ligna,

287 1489 406 1566 fenum,
435 1489 598 1570 stipulam,
623 1488 651 1553 si
683 1488 835 1553 subtilius
868 1488 1022 1553 disserere
1055 1508 1158 1563 ooner,
1183 1508 1304 1565 uereor,
1329 1507 1367 1553 ne
1401 1488 1441 1553 ad

285 1594 535 1680 intellegendum
559 1594 719 1659 difficilior
737 1594 780 1659 sit
799 1594 869 1678 ipsa
888 1594 1057 1679 expositi03
1083 1596 1183 1660 enitar
1205 1598 1322 1665 tamen,
1342 1612 1441 1677 quan·
1461 1623 1484 1659 ιο

285 1705 355 1766 tum
381 1701 527 1766 dominus
552 1700 693 1778 adiuuat,
713 1703 747 1765 et
763 1700 905 1765 breuiter
923 1702 965 1775 et,
985 1706 1140 1784 quantum
1158 1704 1279 1785 potero,
1300 1700 1440 1767 dilucide

287 1807 431 1891 expedire
456 1807 541 1889 quod
564 1807 677 1872 sentio.
702 1826 775 1872 ecce
794 1807 860 1885 ille,
880 1807 935 1890 qui
955 1808 1116 1889 quaesiuit
1134 1825 1153 1871 a
1171 1808 1325 1892 magistro
1344 1807 1440 1885 bono,

287 1914 364 1996 quid
394 1914 523 1992 faceret,
556 1921 594 1977 ut
625 1913 756 1978 haberet
788 1914 889 1978 uitam
922 1917 1090 1993 aeternam,
1120 1917 1153 1979 et
1180 1914 1314 1993 audiuit,
1343 1916 1372 1979 si
1401 1914 1442 1979 ad

286 2020 387 2085 uitam
419 2020 527 2085 uenire
562 2020 674 2097 uellet,
706 2020 862 2085 seruanda
896 2020 958 2085 sibi
996 2040 1067 2086 esse
1104 2021 1260 2100 mandata,
1294 2024 1327 2087 et
1365 2039 1440 2086 eum

245 2163 247 2170 ·
288 2131 464 2210 quaereret,
494 2146 574 2210 quae
596 2126 756 2205 mandata,
778 2126 900 2191 dictum
924 2130 975 2192 est
998 2128 1041 2193 ei:
1066 2148 1139 2193 non
1164 2128 1339 2207 occides,
1364 2147 1440 2193 non
1462 2150 1485 2188 rs
1549 2154 1550 2203 p

288 2234 586 2310 moechaberis,
605 2252 680 2297 non
704 2234 858 2297 furtum
884 2233 1025 2310 facies,
1049 2253 1124 2299 non
1148 2233 1298 2299 falsum
1322 2236 1442 2299 testi-

288 2339 464 2404 monium
501 2339 625 2417 dices,
658 2340 810 2403 honora
846 2346 1001 2422 patrem
1044 2344 1155 2405 tuum
1194 2344 1233 2406 et
1268 2344 1442 2405 matrem

287 2450 397 2511 tuam
439 2447 484 2510 et:
527 2445 683 2531 diliges
730 2446 953 2528 proximum
999 2450 1113 2513 tuum
1155 2451 1357 2530 tamquam
1400 2450 1441 2513 te

288 2553 431 2635 ipsum,
464 2551 542 2616 haec
572 2550 692 2616 faciens
723 2551 755 2614 in
791 2551 851 2616 lide
888 2551 1007 2617 Christi
1038 2553 1160 2617 teneret
1191 2552 1302 2635 procul
1340 2552 1440 2617 dubio
1548 2556 1549 2583 ¹

287 2657 393 2736 fidem,
417 2676 497 2739 quae
526 2676 584 2739 per
615 2656 819 2721 dilectionem
851 2661 1008 2741 operatur.
1038 2676 1140 2741 neque
1173 2659 1257 2723 enim
1291 2657 1442 2743 diligeret
1460 2682 1485 2721 so

286 2764 465 2847 proximum
487 2767 652 2846 tamquam
676 2782 711 2827 se
735 2764 844 2846 ipsum
867 2764 930 2830 nisi
952 2768 1080 2848 recepta
1099 2764 1268 2830 dilectione
1288 2765 1348 2841 dei,
1369 2765 1442 2829 sine

287 2888 350 2954 qua
376 2889 437 2935 non
466 2869 613 2953 diligeret
640 2889 674 2934 se
702 2870 821 2952 ipsum.
849 2889 941 2953 pono
971 2869 999 2935 si
1026 2870 1146 2935 faceret
1173 2868 1259 2954 quod
1289 2870 1442 2935 dominus
1547 2910 1548 2965 p

287 2976 383 3040 etiarn
422 2975 545 3041 addidit
581 2976 705 3041 dicens:
748 2978 783 3042 si
827 2976 887 3042 uis
931 2996 1020 3042 esse
1061 2976 1286 3059 perfectus,
1325 2976 1441 3055 uado,
1547 2968 1548 2971 '

378 3220 391 3272 1
412 3217 446 3273 of.
465 3216 520 3272 Iac.
539 3218 564 3285 2,
586 3219 618 3271 19
675 3218 707 3273 15
726 3218 825 3273 March.
848 3218 888 3283 19,
910 3219 952 3273 18.
973 3220 1006 3273 19
1061 3220 1096 3275 23
1114 3219 1212 3274 Malta.
1234 3220 1276 3283 19,
1295 3220 1328 3273 21

322 3368 340 3423 2
363 3373 580 3423 contremescunt
602 3369 688 3425 SMR
711 3370 921 3425 contremiscant
943 3370 1058 3439 exsto
1165 3372 1182 3426 3
1205 3369 1383 3426 fundamento
1404 3370 1445 3425 bd

286 3459 305 3511 4
324 3473 393 3527 quae
412 3474 460 3528 per
479 3458 652 3513 dilectionem
672 3463 799 3529 operatur
818 3458 856 3514 bol
926 3476 980 3513 non
1000 3462 1127 3530 operatur
1146 3459 1162 3527 β
1253 3462 1269 3514 5
1288 3458 1355 3513 tides
1374 3476 1444 3513 uera

287 3548 330 3599 est
353 3562 422 3615 quae
448 3551 575 3615 operatur
601 3564 648 3617 per
674 3548 847 3616 dilectionem
873 3564 927 3602 non
951 3564 1022 3617 quse
1047 3549 1205 3618 exprimitur
1229 3566 1278 3621 per
1301 3549 1443 3603 timorem.

287 3632 354 3688 fides
371 3635 466 3703 itaque
484 3637 577 3705 sqqss
623 3637 812 3707 8praetioeos
830 3636 877 3706 Νβ
932 3640 961 3691 et
979 3653 1029 3692 om.
1048 3638 1077 3691 P
1094 3654 1130 3694 er.
1150 3636 1183 3690 N
1225 3637 1369 3692 dieenum
1384 3635 1445 3691 CN

286 3722 396 3776 foenum
414 3724 442 3777 R
524 3726 552 3777 et
570 3726 699 3794 stipulam
717 3726 745 3778 P
825 3724 954 3795 suptilius
973 3726 1000 3778 Β
1092 3726 1125 3780 10
1145 3726 1244 3795 enitar]
1265 3724 1339 3779 enite
1358 3724 1381 3779 S
1399 3725 1443 3779 En
1545 3732 1546 3785 3

287 3811 328 3864 ita
345 3810 381 3863 Μ
457 3816 597 3881 quamtum
615 3813 643 3868 R
717 3816 748 3868 11
770 3818 798 3869 et
818 3814 867 3870 ult.
887 3830 924 3869 er.
943 3814 975 3867 N
1047 3812 1219 3884 dilucideque
1238 3813 1271 3867 N
1341 3814 1374 3867 12
1395 3830 1443 3867 ex·

287 3898 374 3968 perire
392 3899 439 3953 ΙΖ
510 3902 543 3955 13
562 3902 634 3970 quod
652 3902 680 3955 P
749 3902 815 3956 honi
834 3902 937 3957 faceret
955 3902 1220 3958 SMRBNAPde
1296 3906 1324 3956 et
1342 3918 1395 3957 om.
1417 3902 1448 3955 P

288 3986 339 4041 del.
359 3988 419 4041 ΖΝ
484 3989 519 4043 14
538 3993 611 4043 esset
628 3990 689 4045 SM
758 3991 953 4045 et-mandata
970 4008 1021 4046 om.
1041 3991 1110 4046 ΝΑι
1180 3994 1212 4047 16
1231 3991 1447 4047 mechanemS

286 4076 454 4130 mechaberis
474 4077 561 4132 MPR
612 4079 645 4133 18
664 4081 815 4149 tamquam]
836 4079 942 4147 siout?
995 4080 1027 4135 19
1046 4080 1124 4150 haec]
1142 4096 1192 4135 neo
1210 4080 1270 4136 SM
1320 4082 1442 4149 teneret]

286 4168 381 4218 tenere
401 4171 429 4218 et
447 4164 559 4221 SMRB
635 4168 670 4222 20
690 4168 789 4238 diliget
806 4168 852 4222 111Ι
931 4170 962 4223 21
985 4168 1029 4222 dei
1048 4184 1099 4223 om.
1119 4169 1203 4225 SMR
1281 4169 1317 4224 22
1336 4168 1445 4223 faceret

287 4253 371 4307 etiam
390 4259 453 4317 (om.
472 4255 510 4322 P)
531 4256 604 4324 quod
622 4256 747 4311 dominus
765 4257 1002 4312 SMRBNPAhd
1055 4260 1090 4312 23
1109 4259 1191 4313 etism
1210 4274 1261 4313 om.
1281 4258 1314 4311 X
1378 4275 1443 4329 per-

286 4340 375 4395 fectus
395 4358 453 4395 esse
472 4341 737 4399 SMRBNPAde
