3109 4959
255 415 317 478 156
606 411 631 465 S.
660 411 801 465 Aureli
829 410 1046 481 Augustini

253 606 431 671 excusanda
453 605 561 687 potius
587 624 682 689 quem
706 605 885 671 accusanda
906 608 1048 688 peccate,
1068 623 1105 669 ac
1124 604 1171 670 sic
1192 604 1251 669 ills
1269 606 1402 670 uulnera

251 732 313 777 non
345 713 439 778 modo
471 732 533 777 non
567 715 725 789 sanentur,
759 730 871 777 uemm
904 711 1011 789 etiarn,
1044 712 1106 777 etsi
1141 711 1305 776 mortifera
1339 731 1400 776 non

252 822 349 898 erant,
365 819 506 903 grauiter
525 822 558 883 et
575 819 714 884 letaliter
731 818 925 903 infligantur.
944 822 977 883 et
993 819 1047 883 hic
1066 838 1141 902 ergo
1161 818 1302 883 cautiore
1321 836 1401 901 opus

252 930 301 990 est
329 925 532 1002 continentia,
562 944 626 1009 qua
653 925 842 990 cohibeatur
868 926 1025 1007 superbus
1057 925 1195 990 hominis
1227 924 1401 1008 adpetitae,

251 1051 313 1114 quo
337 1033 442 1115 placet
465 1032 528 1097 sibi
551 1035 584 1098 ct
605 1050 666 1097 non
691 1034 764 1097 uult
787 1032 956 1115 culpabilis
979 1032 1115 1097 inueniri
1139 1031 1402 1117 dedignaturque,
1436 1055 1451 1094 s

252 1156 326 1203 oum
349 1142 470 1221 peccat,
490 1138 635 1203 conuinci
656 1138 742 1221 quod
758 1138 828 1222 ipse
847 1139 1036 1222 peccauerit,
1055 1157 1116 1203 non
1136 1138 1256 1203 salubri
1274 1136 1403 1202 humili-

251 1248 317 1309 tate
355 1245 532 1327 suscipiens
570 1245 804 1311 accusationem
843 1245 903 1323 sui,
938 1244 994 1309 sed
1025 1244 1260 1309 excusationem
1292 1244 1402 1326 potius

250 1352 379 1416 ruinosa
407 1351 542 1417 elatione
570 1351 768 1433 conquirens.
803 1350 842 1415 ad
865 1352 947 1415 hauc
970 1351 1152 1432 superbiam
1176 1350 1402 1415 cohercendum

251 1458 476 1523 continentiam
506 1458 623 1541 petiuit
646 1478 664 1521 a
688 1457 816 1523 domino
839 1458 906 1533 ille,
931 1458 1022 1522 ouius
1048 1458 1194 1540 superius
1218 1456 1317 1521 uerba
1338 1457 1403 1521 iam

249 1565 345 1647 posui
378 1568 419 1642 et,
454 1564 538 1629 sicut
569 1564 671 1647 potui,
705 1563 934 1629 commendaui.
972 1584 1107 1647 namque
1144 1582 1216 1628 cum
1254 1564 1400 1628 dixisset:
1422 1588 1452 1627 ro

250 1690 355 1753 pone,
381 1672 540 1750 domine,
562 1671 777 1736 custodiam
803 1672 858 1736 cri
880 1690 960 1737 meo
985 1675 1022 1735 et
1045 1671 1187 1735 ostium
1210 1672 1401 1735 continen-

250 1778 327 1843 tise
352 1778 494 1843 circum
517 1778 619 1843 labia
642 1797 733 1845 mea.
759 1796 801 1842 ne
821 1777 988 1843 declines
1009 1796 1071 1842 cor
1089 1796 1210 1843 meum
1228 1777 1265 1841 in
1285 1778 1402 1842 uerba

250 1884 425 1967 maligna,
464 1883 547 1949 uude
575 1884 636 1949 hoc
664 1883 785 1949 diceret
813 1884 993 1949 euidentius
1021 1884 1190 1966 explicans,
1220 1883 1263 1946 ad
1298 1902 1402 1949 excu-

252 1990 387 2055 sandos
426 1991 705 2068 excusationes,
744 1990 858 2073 inquit,
899 1990 935 2054 in
976 1990 1156 2074 peccatis.
1200 1990 1276 2072 quid
1319 1990 1402 2054 enim

251 2097 421 2181 malignius
450 2098 500 2162 his
529 2096 647 2174 uerbis,
677 2097 796 2179 quibus
824 2097 928 2163 malus
956 2099 1077 2162 malum
1105 2117 1139 2163 se
1171 2101 1277 2181 neget,
1306 2098 1405 2161 etiam
1424 2122 1453 2163 rs

252 2202 290 2266 de
314 2222 406 2285 opere
431 2203 513 2268 molo
540 2204 707 2269 conuictus
731 2203 816 2286 quod
838 2222 953 2287 negare
970 2223 1031 2269 non
1050 2203 1177 2269 ualeat?
1201 2208 1234 2267 et
1252 2203 1405 2286 quoniam

250 2310 369 2375 factum
393 2329 454 2375 non
480 2313 588 2394 potest
609 2312 717 2394 tegere
740 2330 799 2376 nec
821 2310 1041 2375 benefactum
1064 2313 1172 2392 potest
1194 2309 1299 2375 dicere
1322 2312 1356 2373 et
1385 2330 1405 2374 s

251 2435 285 2480 sc
312 2417 432 2482 fectum
460 2417 551 2481 uidet
577 2419 694 2498 patere,
720 2417 845 2498 quaerit
869 2417 901 2482 in
931 2418 1030 2482 alium
1057 2417 1172 2481 referre
1200 2416 1286 2499 quod
1313 2416 1403 2493 fecit,

251 2525 413 2606 tamquam
440 2524 512 2589 iude
541 2528 653 2606 posset
686 2526 808 2588 auferre
836 2524 921 2606 quod
953 2524 1080 2590 meruit.
1119 2524 1230 2589 nolens
1263 2542 1298 2587 se
1330 2542 1404 2587 esse

249 2648 338 2695 reum
363 2630 453 2694 addit
474 2630 583 2714 potius
607 2630 647 2695 sd
666 2634 790 2695 reatum
814 2634 846 2696 ot
869 2650 928 2695 sus
946 2630 1122 2696 excusando
1142 2648 1203 2694 non
1223 2630 1402 2694 accusando
1421 2654 1451 2694 so

250 2740 381 2819 peccate
407 2738 533 2821 ignorat
559 2756 621 2802 non
649 2757 683 2802 se
711 2756 846 2821 poenam
873 2756 1046 2815 remouere,
1071 2736 1127 2801 sed
1150 2737 1287 2801 ueniam.
1315 2735 1403 2819 apud

251 2842 395 2907 homines
434 2844 517 2907 enim
559 2844 691 2922 iudices,
726 2844 876 2926 quoniam
912 2844 980 2909 falli
1016 2847 1163 2925 possunt,
1200 2861 1403 2925 quacumque

250 2949 339 3013 uelut
376 2968 509 3034 purgare
541 2949 667 3015 fallacia
701 2951 786 3032 quod
818 2970 980 3034 perperam
1013 2951 1135 3015 factum
1168 2955 1218 3014 est
1249 2948 1402 3030 prodesse

252 3054 372 3136 aliquid
399 3054 528 3119 uidetur
555 3055 594 3119 ad
622 3059 764 3138 tempus;
794 3056 877 3140 opud
906 3056 1001 3120 deum
1025 3060 1143 3132 autem,
1168 3055 1222 3137 qui
1245 3054 1315 3119 falli
1337 3072 1400 3118 non

249 3165 365 3244 potest,
391 3182 452 3227 non
477 3167 527 3227 est
550 3162 728 3227 adhibenda
752 3163 846 3227 fallar
870 3162 1021 3240 defensio,
1042 3162 1098 3226 sed
1120 3181 1216 3226 ueras
1240 3161 1399 3226 confessio
1419 3191 1448 3233 a

249 3273 461 3351 peccatorum.

339 3531 370 3582 ll
391 3530 435 3585 Ps.
458 3530 517 3585 140.
536 3531 561 3583 3.
580 3532 597 3583 4

287 3690 298 3741 1
320 3687 472 3741 accusanda
490 3705 523 3743 rr
542 3688 696 3743 excusanda
714 3693 741 3743 A
849 3690 866 3742 2
886 3707 940 3743 non
953 3706 999 3758 pr.
1019 3705 1071 3743 cm.
1093 3688 1119 3742 T
1225 3690 1354 3742 sanantur
1371 3686 1401 3742 R

268 3781 348 3830 erunt
374 3780 401 3831 A
473 3778 614 3831 laetaliter
631 3778 687 3833 BR
706 3778 846 3833 loetaliter
863 3779 914 3832 TA
985 3778 1148 3848 infliguntur
1167 3778 1195 3833 R
1249 3776 1400 3847 5quodA

250 3865 460 3919 Socercendam
484 3866 580 3919 TBCct
640 3868 672 3920 10
690 3868 783 3937 potuit
800 3867 829 3920 Β
888 3867 919 3921 11
939 3868 1059 3921 hostiurn
1078 3868 1109 3921 D
1169 3868 1201 3921 12
1221 3867 1339 3921 declines
1357 3868 1399 3921 in·

250 3954 355 4023 quitO
451 3956 483 4009 13
503 3954 654 4027 malicqu
765 3956 907 4011 euidenter
924 3956 953 4011 R
1051 3958 1084 4011 14
1103 3957 1194 4027 inquit
1212 3956 1400 4011 excusationes

248 4041 473 4097 MADBOXRd
528 4045 560 4097 15
579 4043 753 4112 negstBC'd
810 4045 842 4098 18
860 4044 996 4113 petereT
1066 4046 1144 4098 ali-m
1165 4044 1403 4111 (raucidum

254 4132 286 4185 19
304 4131 392 4200 possit
409 4131 615 4187 ADChGXRd
718 4133 819 4187 auferri
837 4134 867 4187 D
968 4134 1118 4203 nolensque
1137 4132 1198 4187 DX
1214 4133 1309 4187 nolens
1327 4131 1400 4186 enirn

251 4222 372 4285 (enims.
394 4221 424 4290 l.)
441 4220 478 4273 M
570 4222 605 4275 ‘20
624 4240 677 4275 non
698 4223 848 4276 accusando
867 4240 919 4276 cm.
942 4223 965 4276 0
1058 4224 1092 4278 23
1110 4222 1220 4277 fallacia
1238 4238 1353 4293 purgare
1376 4221 1402 4275 T

249 4310 284 4362 24
303 4310 408 4378 aliquid
428 4327 478 4363 ons.
497 4309 526 4365 R
598 4310 670 4381 apud
689 4328 739 4365 cm.
763 4313 786 4365 0
838 4313 873 4366 25
891 4328 958 4365 uere
975 4311 1145 4367 MADChX
