3109 4959
538 425 580 481 de
608 424 876 482 continentis.
1214 430 1276 495 147

118 624 232 693 mortis
263 622 460 692 contentioni
488 622 659 703 resistitur,
689 621 776 689 aliud
804 622 1023 688 aduersarium
1057 643 1118 690 non
1151 623 1276 704 babere,

119 730 205 815 quod
224 734 303 795 tune
323 730 392 809 erit,
413 728 537 811 quando
557 747 655 794 mors
680 720 893 794 nouissima
909 729 1067 795 inimica
1086 728 1277 796 destruetur.

119 859 193 903 nam
217 846 251 902 et
268 837 339 921 ipsa
358 835 560 916 continentia,
580 854 653 901 curn
672 836 774 901 frenat
793 834 983 919 cobibetque
1000 835 1160 914 libidines,
1180 838 1278 903 simul

121 948 156 1011 et
174 943 298 1027 adpetit
317 943 444 1019 bonurn,
461 941 501 1006 ad
521 940 612 1007 cuius
631 942 894 1007 inmortalitatem
910 941 1084 1018 tendimus,
1103 947 1136 1007 et
1154 946 1278 1028 respuit

89 1052 254 1127 amalum,
275 1068 349 1115 cum
369 1069 431 1133 quo
454 1050 486 1115 in
505 1050 565 1114 hac
584 1049 777 1115 mortalitate
797 1048 1027 1115 contendimus.
1052 1050 1141 1116 illius
1161 1051 1277 1135 quippe

121 1160 255 1224 amatrix
284 1162 317 1223 et
345 1157 525 1240 speetatrix,
554 1157 651 1223 huius
680 1175 754 1223 uero
785 1160 818 1221 et
844 1157 947 1223 hostis
975 1160 1008 1221 et
1035 1158 1128 1223 testis
1157 1162 1217 1238 est,
1246 1164 1279 1224 et

122 1266 222 1331 decus
256 1265 408 1349 adpetens
441 1266 474 1330 et
505 1263 642 1329 dedecus
675 1263 812 1348 fugiens.
847 1283 909 1330 non
941 1265 1052 1347 utique
1089 1265 1121 1331 in
1158 1267 1279 1349 cupidi-

122 1372 246 1439 tatibus
283 1372 441 1437 frenandis
479 1371 675 1437 continentia
706 1370 873 1448 laboraret,
908 1371 936 1436 si
968 1371 1048 1437 nibil
1079 1390 1137 1438 nos
1170 1378 1279 1439 contra

123 1478 211 1562 quod
235 1477 363 1543 deceret
384 1477 508 1555 liberet,
534 1476 563 1541 si
586 1476 667 1541 nihil
689 1480 816 1541 nostrae
834 1476 933 1542 bonae
952 1477 1112 1543 uoluntati
1136 1498 1172 1543 ex
1195 1479 1281 1545 mala

73 1584 386 1667 inconcupiscentia
423 1586 622 1668 repugnaret.
665 1583 784 1649 clamat
823 1584 998 1668 apostolus,
1037 1583 1127 1663 scio,
1165 1586 1278 1669 inquit,

107 1692 216 1775 ‚quia
258 1710 329 1757 non
370 1689 521 1755 habitat
561 1690 599 1755 in
640 1709 706 1771 me,
749 1688 820 1756 hoc
860 1694 920 1755 est
960 1690 997 1755 in
1040 1710 1147 1756 carne
1189 1711 1277 1769 mea,

123 1799 274 1865 bonum.
318 1797 420 1861 uelle
458 1796 554 1863 enirn
594 1796 744 1863 adiacet
785 1796 889 1876 mihi,
925 1798 1112 1881 perficere
1155 1802 1279 1863 autem

122 1906 265 1971 bonum
298 1922 368 1969 non
404 1903 569 1969 inuenio.
607 1921 691 1968 nunc
724 1902 808 1967 enim
839 1902 908 1969 fieri
941 1903 1059 1969 bonurn
1091 1907 1209 1987 potest,
1243 1910 1280 1970 ut

124 2011 228 2076 malae
267 2009 542 2093 concupiscentiae
579 2028 640 2075 non
679 2008 908 2085 consentiatur;
950 2010 1131 2093 perficietur
1172 2016 1279 2077 autem

76 2145 104 2185 rs
124 2118 258 2195 bonum,
288 2116 411 2199 qnando
439 2115 511 2199 ipsa
542 2117 628 2181 mala
659 2116 929 2200 concupiscientia
959 2116 1096 2184 finietur.
1139 2118 1280 2201 itemque

124 2224 214 2289 idem
237 2223 348 2287 doctor
372 2222 516 2307 gentium
541 2222 671 2287 clamat:
701 2223 944 2289 condelector
966 2224 1044 2307 legi
1068 2224 1128 2289 dei
1151 2244 1280 2290 secun·

126 2332 215 2397 dum
242 2330 463 2396 interiorem
492 2329 691 2407 hominem,
720 2329 832 2395 uideo
861 2333 985 2395 autem
1016 2330 1129 2395 aliam
1156 2332 1279 2415 legem

124 2437 163 2502 in
189 2436 367 2502 membris
391 2436 484 2503 meis
508 2438 779 2520 repugnantem
803 2437 881 2520 legi
904 2437 1042 2503 mentis
1065 2456 1178 2503 meae.

175 2545 206 2609 7.
230 2544 321 2608 Hanc
344 2562 484 2627 pugnam
507 2561 569 2608 non
594 2544 797 2625 experiuntur
820 2543 852 2607 in
876 2563 911 2609 se
933 2542 1013 2627 ipsis
1033 2542 1093 2608 nisi
1111 2543 1280 2610 bellatores

74 2678 105 2719 so
123 2652 287 2717 uirtutum
311 2649 584 2733 debellatoresque
608 2650 775 2727 uitiorum,
800 2668 861 2715 non
880 2653 1038 2734 expugnat
1056 2651 1299 2734 concupiscam·

123 2758 193 2823 tiae
221 2756 341 2823 malum
369 2756 431 2821 nisi
458 2756 667 2822 continentiae
695 2756 823 2822 bonum.
857 2761 933 2822 sunt
956 2759 1073 2833 autem,
1097 2755 1152 2839 qui
1175 2757 1280 2841 legem

125 2864 180 2928 dei
209 2864 335 2929 omnino
365 2864 543 2928 nescientes
571 2864 671 2927 malae
696 2864 971 2945 concupiscentias
995 2863 1108 2929 necin
1132 2863 1279 2929 hostibus

125 2970 286 3053 deputant
312 2970 420 3051 eisque
449 2968 626 3034 miserabili
654 2968 807 3034 caecitate
831 2970 1007 3035 saeuientes
1030 2969 1161 3053 insuper
1185 2970 1280 3035 etiam

124 3078 241 3142 beatos
274 3094 309 3141 se
341 3078 455 3158 putant
487 3075 630 3141 satiando
664 3094 717 3141 eas
750 3076 858 3157 potius
892 3096 986 3159 qnam
1020 3076 1186 3142 domando.
1224 3077 1280 3159 qni

72 3212 104 3254 se
124 3202 204 3249 uero
219 3184 392 3267 perlegam
407 3185 624 3266 cognouerunt
643 3200 695 3247 eas
711 3220 754 3229 —-
768 3202 833 3265 per·
850 3185 972 3269 legem
992 3184 1088 3248 enim
1108 3183 1279 3267 cognitio

220 3408 402 3464 lellcor.
423 3410 465 3475 15,
485 3410 527 3464 55.
548 3410 582 3464 26
657 3410 690 3464 10
713 3410 790 3464 Rom.
818 3411 843 3472 7,
867 3410 900 3463 18
965 3410 999 3464 16
1021 3410 1100 3464 Rom.
1126 3410 1151 3475 7,
1175 3409 1218 3463 22.
1243 3409 1281 3495 234

125 3500 164 3555 25
182 3499 259 3553 Rom.
279 3498 304 3563 3,
324 3497 359 3553 20

165 3624 179 3677 1
206 3622 375 3676 contentioni
397 3624 492 3677 mortis
511 3622 572 3677 DX
679 3622 884 3677 continentioue
906 3622 933 3677 T
953 3623 1128 3676 contentione
1145 3622 1280 3677 Macae

124 3713 142 3767 6
165 3711 300 3781 peccatrix
318 3710 374 3765 BR
392 3710 525 3781 pdicstrix
543 3709 585 3765 12²
699 3714 727 3766 et
746 3711 839 3781 decus]
859 3713 888 3765 et
907 3711 988 3766 decus
1007 3711 1079 3764 enirn
1099 3711 1221 3766 TMDX
1238 3715 1281 3765 est

124 3800 211 3853 decus
234 3800 307 3853 enim
329 3799 357 3853 It
379 3802 409 3852 et
432 3797 514 3853 decus
538 3798 595 3853 eius
617 3799 641 3853 0
663 3802 691 3853 et
715 3798 797 3853 decus
821 3802 864 3853 est
888 3803 942 3867 (est
959 3816 980 3853 s.
1000 3800 1030 3864 1.)
1050 3798 1123 3853 enim
1140 3800 1168 3853 B
1187 3804 1216 3853 et
1234 3798 1281 3853 de·

124 3906 206 3945 cns·-
225 3888 308 3953 (enim
327 3892 375 3955 er.)
394 3878 466 3941 AOt
556 3888 748 3942 8nos-nihil
771 3889 804 3941 tn
821 3905 872 3958 mp.
892 3888 957 3942 add.
976 3904 1012 3944 m.
1031 3890 1051 3942 2
1068 3888 1096 3941 A
1187 3891 1282 3943 contra

123 3995 177 4032 nos
201 3976 223 4029 O
304 3978 319 4030 9
340 3975 419 4031 docet
437 3977 477 4032 D¹
498 3977 608 4031 doceret
626 3978 658 4031 X
675 3977 755 4032 decet
771 3977 814 4032 D²
833 3977 1011 4031 contenderet
1032 3976 1071 4031 Cb
1180 3977 1281 4031 liberet

123 4069 160 4121 iu
176 4082 235 4121 rae.
253 4065 284 4120 D
302 4064 439 4121 detineret
459 4066 498 4121 Cb
551 4067 583 4121 10
603 4083 753 4137 repugnare
772 4066 833 4121 ΤΜ
884 4067 970 4120 larnat
991 4066 1018 4120 Τ
1067 4067 1101 4121 12
1119 4072 1156 4119 ne
1173 4064 1283 4119 nelleO

125 4156 200 4210 eninr
219 4154 318 4210 0qu
407 4156 440 4211 13
460 4155 541 4225 enim]
562 4161 653 4211 antem
672 4156 745 4210 AOb
817 4159 910 4227 potest
927 4157 1028 4211 bonurn
1047 4155 1075 4210 R
1155 4155 1188 4209 16
1207 4171 1281 4209 cum-

124 4244 250 4299 delector
267 4245 304 4298 Μ
360 4245 392 4299 19
411 4245 566 4315 semetipsis
587 4244 629 4299 Cd
688 4246 722 4299 20
741 4245 806 4315 non]
825 4262 875 4299 neo
894 4244 1082 4300 MDCbXRd
1154 4244 1281 4313 concupi-

124 4333 283 4399 scentirpd’
327 4334 362 4387 22
380 4334 459 4397 melis
479 4335 511 4405 (a.
529 4334 540 4397 i
559 4334 626 4389 add.
647 4338 672 4401 a)
687 4334 725 4387 M
772 4334 807 4389 23
827 4333 907 4390 eisO
954 4335 990 4387 24
1008 4332 1138 4388 saciando
1152 4331 1282 4387 DCbOX

1196 4436 1245 4489 10*
