3109 4959
305 447 371 510 426
665 445 691 498 S.
719 443 856 498 Aureli
884 445 1100 514 Augustini

304 638 451 703 dominus
474 638 506 701 in
531 638 697 723 euangelio
721 638 815 704 docet
838 676 880 687 --
905 639 987 705 unde
1010 639 1174 723 praecipit,
1198 660 1237 705 ne
1259 639 1329 721 ipsa
1343 640 1437 704 timea-

303 748 356 807 tur
383 782 426 790 —
455 763 491 808 os
524 746 641 823 autem,
674 744 759 826 quod
791 745 952 824 mentitur,
986 765 1046 810 non
1079 763 1205 828 eorpus,
1234 747 1291 811 sed
1317 745 1438 810 animam

304 849 429 916 oceidit.
454 850 505 914 his
529 852 611 914 enim
636 852 742 916 uerbis
762 852 961 933 apertissime
980 853 1136 934 seriptum
1156 855 1218 917 est:
1243 871 1285 917 os
1309 856 1439 923 autem,

304 956 409 1039 quod
441 958 651 1033 mentitur,
685 958 842 1023 oeoidit
876 958 1055 1022 animam.
1098 958 1257 1041 quomodo
1291 976 1364 1042 ergo
1390 976 1439 1021 non

302 1064 543 1146 peruersissime
571 1063 698 1140 dicitur,
726 1068 764 1130 ut
787 1065 866 1129 alter
890 1066 1093 1148 corporaliter
1114 1065 1215 1144 uiuat,
1240 1064 1354 1129 debere
1377 1066 1470 1129 alter

302 1187 374 1234 rum
401 1170 587 1254 spiritaliter
614 1171 716 1236 mori?
753 1190 827 1236 uam
855 1174 887 1236 et
913 1166 984 1254 ip'sa
1011 1170 1139 1237 dileetio
1168 1170 1302 1254 proximi
1331 1190 1368 1235 er
1393 1190 1441 1235 sua

303 1278 459 1359 cuiusque
496 1278 666 1343 terminum
705 1278 838 1361 aceepit.
886 1277 1048 1363 diliges,
1082 1278 1196 1360 inquit,
1228 1278 1438 1361 proximum

303 1387 416 1448 tuum
440 1386 642 1466 tamqnam
666 1389 705 1448 te
727 1386 871 1468 ipsum.
906 1385 1064 1468 quomodo
1088 1403 1163 1469 ergo
1187 1384 1323 1467 quisque
1347 1381 1440 1468 diligit

301 1495 464 1573 tamquam
493 1510 527 1555 se
554 1492 671 1574 ipsum,
700 1492 753 1555 oui
780 1496 818 1557 ut
844 1494 986 1574 praestet
1011 1492 1113 1556 uitam
1141 1492 1360 1576 temporalem,
1383 1488 1440 1571 ipse

302 1595 423 1661 amittit
453 1600 634 1662 aeternam?
668 1598 921 1681 quandoquidem
946 1598 974 1663 ai
997 1617 1054 1681 pro
1077 1598 1166 1663 illius
1189 1598 1359 1681 temporali
1385 1597 1441 1660 nita
1456 1624 1473 1662 a·

302 1720 394 1768 suam
425 1704 528 1785 ipsam
560 1705 768 1786 temporalem
800 1704 921 1788 perdat,
949 1723 1010 1769 non
1039 1708 1090 1769 est
1116 1706 1180 1771 iam
1209 1703 1342 1788 diligere
1369 1705 1442 1769 siout

303 1828 337 1873 se
368 1810 486 1892 ipsum,
520 1811 576 1874 aed
606 1812 681 1893 plus
715 1829 809 1894 quam
839 1830 873 1875 se
900 1812 1021 1894 ipsum:
1056 1812 1141 1894 quod
1169 1829 1264 1876 sanae
1292 1810 1441 1875 doetrinae

301 1916 444 2001 regulam
482 1916 614 1983 excedit.
660 1918 763 1982 multo
800 1917 908 1983 minus
943 1919 1042 2003 igilur
1078 1920 1236 1983 aeternam
1274 1936 1365 1982 suam
1393 1936 1440 1999 pro

302 2024 433 2088 alterius
456 2024 623 2106 temporali
645 2022 826 2090 mentiendo
851 2024 1026 2090 amissurus
1051 2029 1109 2089 est.
1133 2025 1341 2107 temporalem
1360 2022 1440 2106 plano

300 2130 404 2194 uitam
427 2149 517 2194 snam
541 2148 596 2211 pro
617 2133 745 2195 aeterua
761 2130 831 2195 uita
848 2132 981 2214 proximi
999 2150 1060 2196 non
1080 2130 1241 2196 dubitabit
1260 2129 1439 2195 chrietianus
1454 2154 1472 2190 a

302 2235 461 2311 amittere3
490 2237 550 2300 hoo
579 2236 662 2300 enim
685 2238 863 2319 praecessit
885 2239 1074 2319 exemplum,
1098 2240 1136 2301 ut
1158 2256 1213 2319 pro
1238 2237 1329 2302 nobis
1353 2235 1438 2299 domi·

302 2362 360 2407 uus
387 2342 458 2425 ipse
484 2345 668 2407 moreretur.
703 2342 743 2407 ad
771 2344 831 2408 hoo
861 2344 942 2408 enim
972 2347 1004 2408 et
1028 2343 1085 2407 ait:
1115 2343 1188 2408 hoe
1212 2346 1275 2406 est
1297 2340 1437 2406 manda·

300 2451 384 2512 tum
404 2450 605 2523 meum,'ut
623 2447 819 2531 diligatis
837 2449 1025 2527 inuioem',
1043 2450 1155 2514 sicut
1173 2453 1212 2513 et
1231 2468 1303 2533 ego
1323 2444 1435 2511 dilexi

301 2572 386 2619 uos.
424 2555 613 2619 maiorem
646 2554 916 2621 dilectionem
949 2575 1061 2622 nemo
1094 2556 1227 2631 habet,
1261 2574 1372 2638 quam
1400 2556 1434 2615 ut

301 2662 471 2725 animam
495 2680 605 2726 suam
629 2665 754 2743 ponat
776 2682 845 2745 pro
869 2662 1012 2728 amicis
1037 2663 1134 2727 suis.
1171 2681 1233 2727 non
1258 2662 1340 2726 enim
1363 2658 1467 2742 quis-a

303 2785 397 2848 quam
421 2770 471 2831 est
494 2768 538 2831 ita
557 2767 725 2849 desipiens,
745 2771 784 2833 ut
802 2767 888 2833 dicat
906 2768 992 2833 aliud
1011 2788 1104 2851 quam
1125 2768 1222 2833 saluti
1241 2766 1434 2851 sempiternae

301 2873 465 2938 hominnm
494 2875 694 2939 cousuluisse
722 2873 885 2939 dominum
914 2877 967 2940 uel
993 2874 1147 2950 laniendo,
1172 2870 1434 2957 quodpraecepit,

301 2980 355 3044 uel
372 2979 602 3062 praecipiendo,
622 2980 706 3063 quod
725 2982 813 3047 fecit.
838 3000 911 3047 oum
930 2982 1030 3065 igitur
1046 2981 1228 3047 mentiendo
1244 2982 1313 3045 uita
1326 2982 1436 3043 aeterua

301 3085 476 3163 amittatur,
504 3106 678 3169 numquam
705 3107 761 3169 pro
791 3087 981 3170 cuiusquam
1008 3087 1177 3170 temporali
1205 3088 1274 3151 uita
1301 3084 1435 3151 mentien-

301 3173 377 3256 dum
406 3196 462 3257 est.
496 3194 656 3258 enimuero
685 3194 750 3267 isti,
781 3194 834 3275 qui
863 3195 1100 3259 stomachantur
1128 3198 1159 3259 et
1186 3194 1391 3279 indignantur,
1412 3188 1468 3254 sia

301 3298 382 3363 nolit
399 3299 516 3381 aliquis
534 3299 696 3364 mendacio
714 3300 868 3381 perimere
887 3300 1024 3364 animam
1043 3318 1144 3380 suam,
1157 3304 1195 3365 ut
1209 3300 1292 3365 alius
1307 3298 1435 3364 senescat

392 3507 404 3558 1
426 3505 460 3562 ef.
479 3505 576 3560 Matth.
598 3507 639 3568 10,
659 3508 693 3560 28
766 3507 865 3577 3Sap.
887 3508 910 3572 l,
932 3507 963 3561 11
1039 3508 1138 3562 lLen.
1160 3508 1202 3573 19,
1222 3508 1270 3572 18,
1290 3506 1381 3562 Matio.
1398 3504 1436 3558 21.

303 3594 349 3658 39;
372 3594 475 3657 19,19·
525 3595 556 3649 17
575 3594 634 3649 Ioh.
656 3597 697 3659 15,
719 3596 760 3649 12.
783 3596 816 3649 13

338 3717 489 3787 lpreeipit
507 3716 531 3771 8
546 3718 669 3788 precepit
686 3716 732 3786 Εβ
804 3718 859 3771 ista
878 3717 934 3781 81¹⁷,
955 3718 998 3783 (iu
1016 3722 1081 3783 tax.)
1099 3718 1130 3773 E
1146 3719 1238 3789 ipsep
1312 3714 1437 3781 3autcm]

301 3805 373 3859 enim
391 3806 423 3860 E
438 3822 489 3859 om.
508 3804 619 3873 Fauor
664 3805 808 3860 loeeidet
825 3805 919 3876 11111φ1
964 3807 1182 3875 depiritnaliter
1199 3806 1239 3874 Ββ
1287 3808 1439 3873 leuiuaque

301 3893 446 3947 dilectione
465 3892 589 3962 troppo,
609 3899 640 3959 (a.
656 3895 686 3960 l.)
700 3895 731 3949 Ε
747 3894 893 3964 cuiusquae
913 3893 1060 3949 dilectione
1075 3895 1121 3960 (ne
1135 3912 1156 3950 a.
1173 3896 1236 3966 l.)p
1293 3890 1440 3965 diligensR

301 3982 395 4052 inquid
410 3982 449 4037 13¹
466 3984 588 4054 inquiap
625 3984 651 4037 ’8
669 3984 818 4053 tamquam]
840 3982 943 4051 sieut?
988 3984 1160 4054 9presteafl
1208 3985 1242 4039 10
1261 3986 1285 4038 si
1303 3980 1439 4048 omRMp

301 4066 375 4124 illius
394 4071 423 4123 iu
441 4086 462 4125 a.
483 4072 500 4124 l.
521 4072 537 4139 β
556 4072 642 4140 ipsine
661 4072 691 4126 E
771 4074 803 4125 11
825 4068 872 4127 aut
891 4089 966 4126 suem
984 4072 1021 4126 Μ
1110 4072 1242 4142 perdetfi
1323 4074 1372 4127 iam
1388 4084 1438 4123 non

301 4164 376 4229 estu
468 4160 501 4213 13
524 4161 610 4230 igitur
632 4162 754 4231 miuusp
847 4164 881 4215 14
903 4163 1062 4231 temporalis
1081 4161 1109 4217 R
1201 4163 1235 4218 15
1261 4166 1390 4217 aeternam
1407 4154 1438 4210 S¹

302 4249 481 4302 tumularem
500 4249 553 4303 hac
571 4250 601 4303 F
661 4250 696 4304 20
715 4254 800 4319 ponat
819 4250 879 4320 quis
896 4250 951 4319 Rp,
971 4252 1043 4323 (quis
1060 4268 1082 4306 a.
1103 4251 1120 4306 l.
1139 4268 1174 4308 m.
1195 4256 1225 4318 2)
1244 4252 1276 4307 Ε
1333 4250 1365 4304 22
1381 4262 1437 4317 pre·

301 4337 370 4407 cipit
388 4337 440 4392 oF
482 4340 517 4392 25
536 4338 742 4393 sthomaoantnr
760 4340 784 4394 S
801 4344 988 4395 stomaeantur
1005 4341 1036 4394 E
1082 4342 1116 4395 26
1136 4342 1164 4395 in
1182 4346 1263 4395 earne
1282 4334 1439 4395 seneeth
