3109 4959
564 448 837 503 demandatio
1208 456 1270 519 451

122 646 194 708 tnm
223 646 287 709 est:
315 636 512 708 humanus
541 647 604 707 est
632 644 733 708 enim
763 644 942 727 spiritns
968 646 1209 729 sapientiae,
1235 652 1273 713 et

123 769 200 814 non
232 750 433 814 liberabit
465 750 709 815 maledicam
737 770 754 815 a
787 751 913 817 labiis
948 753 1046 831 eius,
1082 756 1272 836 qnoniam

122 875 263 920 rennm
287 856 409 921 illins
431 857 559 921 testis
584 861 647 921 est
670 857 779 931 dens,
805 862 844 922 et
867 858 1001 923 oordis
1028 858 1147 924 illius
1168 878 1274 925 soru-

122 967 235 1027 tator
258 968 322 1027 ost
343 982 466 1027 uerns
491 966 530 1028 et
552 963 718 1047 linguae
742 964 865 1029 illius
890 965 1064 1031 auditor.
1084 966 1272 1049 quoniam

90 1069 304 1152 sspiritos
337 1068 489 1135 domini
521 1070 704 1153 repleuit
732 1070 865 1135 orbem
894 1074 1105 1151 terrarum,
1135 1076 1173 1138 et
1199 1074 1273 1139 hoo

123 1174 232 1257 qnod
261 1174 448 1239 eontinet
480 1174 611 1239 omnia
639 1174 856 1239 seientiam
883 1175 1004 1241 habet
1032 1177 1159 1241 noeis.
1191 1197 1273 1261 pro-

122 1284 216 1363 pter
232 1281 308 1345 hoa
328 1280 395 1363 qui
414 1280 603 1362 loquitur
620 1280 772 1363 iniqua.
792 1300 866 1346 non
885 1284 1026 1364 potest
1045 1282 1184 1363 latere,
1205 1284 1275 1349 sed

123 1406 194 1453 neo
217 1386 447 1469 praeteriet
470 1386 587 1451 illum
612 1387 841 1470 corripiens
865 1388 1077 1455 iudicium.
1106 1390 1144 1453 in
1169 1390 1273 1474 eogi-

121 1493 360 1558 tationibus
386 1493 489 1557 enim
509 1493 614 1577 inpii
633 1494 910 1578 interrogatio
930 1495 1025 1571 erit;
1047 1515 1272 1561 sermonum

77 1626 106 1665 10
124 1604 262 1665 antem
285 1600 406 1664 illins
432 1599 592 1664 auditio
611 1618 629 1663 a
648 1600 807 1665 domino
827 1601 968 1666 ueniet
987 1602 1033 1666 ad
1052 1604 1272 1686 correptio-

121 1726 209 1771 nem
236 1706 508 1789 iniquitatum
535 1706 666 1783 illins,
696 1706 884 1789 quoniam
913 1708 1024 1772 auris
1054 1709 1134 1772 aeli
1158 1708 1274 1774 audit

68 1835 73 1843 ·
123 1814 262 1890 omnia,
286 1817 326 1878 et
347 1814 553 1878 tumultus
577 1814 934 1879 murmurationum
958 1834 1032 1879 non
1056 1815 1273 1883 absconde-

122 1925 201 1984 tur„
249 1920 461 1985 custodite
503 1939 597 2004 ergo
634 1938 708 1985 uos
746 1940 763 1984 a
800 1922 1134 2000 murmuratione,
1173 1942 1272 2005 quae

122 2026 230 2091 nihil
267 2026 445 2108 prodest,
480 2028 519 2090 et
550 2046 570 2090 a
601 2026 861 2091 detractione
894 2028 1053 2110 parcite
1085 2028 1269 2113 linguae:

77 2156 106 2198 1⁵
124 2133 316 2215 qnoniam
339 2152 581 2215 responsum
605 2134 822 2198 obscurum
840 2133 879 2197 in
899 2152 1069 2199 uacuum
1088 2153 1161 2199 non
1180 2134 1271 2213 ibit,

123 2260 166 2305 os
201 2242 344 2318 autem,
369 2239 473 2321 qnod
506 2240 717 2317 mentitur,
751 2238 908 2304 oceidit
940 2242 1120 2305 animam.
1144 2242 1274 2307 uidetur

122 2367 199 2431 ergo
223 2346 274 2410 his
297 2346 421 2423 minari,
447 2346 502 2428 qui
525 2346 697 2411 obscurum
720 2349 835 2427 putant
858 2350 890 2410 et
909 2351 1067 2412 secretum
1087 2367 1167 2425 esso,
1188 2350 1272 2430 quod

120 2453 215 2519 corde
234 2453 356 2537 agitant
379 2457 475 2535 atque
498 2455 642 2528 nereant3
662 2455 728 2516 tam
747 2472 824 2517 uero
844 2453 962 2517 olarum
985 2453 1148 2518 ostendere
1168 2454 1274 2520 noluit

119 2560 182 2625 hoo
211 2578 281 2624 esse
310 2558 440 2623 auribus
469 2558 530 2635 dei,
558 2562 596 2621 ut
623 2558 720 2621 etiam
747 2558 924 2623 tumultum
954 2577 1026 2624 eum
1055 2561 1271 2642 appellauerit.

73 2693 102 2732 zo
166 2666 220 2729 32.
243 2664 413 2729 Manifesta
442 2665 537 2729 etiam
565 2664 598 2728 in
626 2664 792 2748 euangelio
820 2665 1001 2730 inuenimus
1030 2685 1066 2730 os
1096 2667 1210 2745 cordis,
1234 2673 1272 2733 ut

119 2792 182 2837 uno
210 2773 281 2837 loeo
305 2776 338 2836 et
360 2772 500 2854 eorporis
524 2775 557 2835 et
580 2771 683 2836 cordis
708 2790 743 2835 os
767 2771 912 2836 dominus
938 2790 1202 2838 commemorasse
1225 2774 1270 2839 in·

119 2879 277 2955 ueniotur,
301 2878 359 2942 ubi
382 2877 442 2942 ait:
471 2878 599 2942 adhue
624 2880 664 2942 et
685 2897 758 2942 uos
783 2878 869 2943 sino
894 2878 1118 2943 intellectu
1143 2880 1270 2945 estis?

120 3005 195 3050 non
224 2984 498 3069 intellegitis,
528 2984 622 3067 quia
650 3003 762 3049 omne
792 2984 896 3066 qnod
924 2986 962 3048 in
992 3004 1034 3051 os
1061 2985 1203 3064 intrat,
1231 2987 1270 3050 in

119 3095 304 3156 uentrem
340 3091 457 3156 uadit
494 3094 532 3155 et
568 3092 608 3155 in
645 3110 857 3155 secessum
896 3092 1131 3155 emittitur?
1169 3111 1270 3174 quae

71 3200 254 3264 arautem
285 3197 513 3281 procedunt
544 3197 589 3261 de
622 3216 697 3274 ore,
732 3196 777 3261 de
811 3197 930 3261 eorde
965 3200 1121 3274 exeunt,
1155 3202 1194 3262 et
1228 3218 1271 3263 ea

120 3303 389 3386 coinquinant
410 3304 621 3368 hominem.
653 3303 696 3367 de
721 3304 839 3368 eorde
864 3303 967 3368 enim
996 3308 1142 3369 exeunt
1165 3306 1270 3389 eogi-

120 3412 303 3476 tationes
340 3411 479 3488 mala-e,
513 3410 746 3489 homicidia,
781 3410 997 3489 adulteria,
1031 3411 1270 3477 fornicatio-

212 3602 223 3653 r
246 3600 309 3670 Sap.
331 3602 354 3665 1,
373 3602 460 3655 o-11
517 3602 552 3654 aa
570 3600 669 3656 natan.
690 3602 732 3666 15,
754 3601 859 3656 ro-eo

157 3724 304 3792 lepiritue
323 3740 411 3793 onap
485 3722 697 3778 2malediotum
716 3723 818 3794 Rffibpp
893 3724 1135 3779 3insorutatorS
1206 3726 1271 3779 let

117 3814 251 3883 linguap
324 3812 409 3881 illine]
430 3813 489 3865 eius
508 3812 538 3866 F
615 3812 752 3881 auditiot
829 3816 893 3867 oet
912 3817 1056 3884 propterp
1130 3815 1164 3867 10
1183 3814 1268 3884 illius]

118 3902 177 3955 eius
197 3900 263 3969 Sap
336 3918 352 3954 a
371 3900 490 3970 domno]
512 3902 599 3955 adun
620 3902 662 3967 <ire
679 3919 731 3971 mq.
750 3901 842 3973 deum)
861 3903 891 3957 F
907 3902 942 3955 ad
961 3902 1098 3956 dominnm
1121 3924 1137 3975 φ
1211 3920 1268 3957 cor·

116 3992 268 4043 rectionem
287 3989 339 4043 o'F
427 3990 457 4043 11
478 3990 570 4059 eiusp
663 3991 695 4043 14
713 3989 876 4059 proderitS
952 3990 1131 4060 detractione]
1151 3990 1269 4045 detrudi·
1337 3982 1341 3991 '

116 4079 194 4133 tione
213 4078 241 4132 R
325 4078 436 4146 linguae
455 4078 558 4148 parcite
578 4076 668 4132 SEbd
751 4080 854 4148 ptitep
939 4078 1064 4149 linguat
1147 4080 1179 4133 16
1199 4080 1269 4133 oooi·

117 4168 167 4220 det
184 4166 249 4220 MR
337 4166 373 4220 20
393 4167 592 4237 euuangeliop
683 4169 715 4221 21
736 4184 790 4233 nno
810 4169 838 4221 in
857 4168 952 4240 locop
1018 4170 1052 4223 23
1072 4169 1099 4221 in
1119 4184 1148 4221 os
1167 4184 1218 4223 om.
1240 4168 1270 4238 p¹

117 4258 154 4310 24
172 4260 339 4323 οεοεεειιωβ
384 4256 419 4309 25
439 4256 530 4324 eorde]
550 4272 659 4325 corpore
675 4274 692 4326 φ
738 4258 772 4311 26
793 4257 1018 4327 quoinquinantfl
1038 4256 1268 4327 quoinquinentp

117 4346 152 4398 27
172 4344 247 4398 mala
263 4343 291 4398 R

1182 4451 1232 4504 29*
