3109 4959
299 453 365 515 434
657 448 683 501 S.
712 447 850 501 Aureli
878 446 1098 516 Augustini

346 642 655 723 lautorisque
682 640 779 705 huius
809 640 1003 723 quaestionis
1031 639 1134 705 nodus
1161 639 1201 704 ad
1223 640 1284 703 hoc
1306 638 1441 703 adducit.

298 753 336 814 ut
368 751 546 831 quaeratur,
579 754 687 811 utrum
715 749 854 813 alienum
881 747 1004 811 nullum
1033 750 1211 829 peccatum,
1240 746 1386 828 quamuis
1412 746 1440 807 in

298 862 330 921 te
354 856 573 928 commissum,
597 855 656 919 tibi
679 856 851 938 inputetur,
876 856 905 919 si
926 854 1045 919 leuiore
1063 856 1120 918 tuo
1140 855 1271 936 peccato
1289 852 1323 917 id
1341 852 1441 933 possis

298 963 419 1028 euitare
441 982 500 1027 nec
522 962 611 1039 facis,
636 981 674 1025 an
698 966 828 1044 excepta
851 964 901 1026 est
924 961 1025 1026 omnis
1048 958 1241 1023 inmunditia
1263 957 1442 1041 corporalis.

298 1089 390 1134 nomo
424 1070 509 1133 enim
542 1068 680 1151 aliquem
711 1066 900 1132 inmundum
931 1066 999 1131 fieri
1028 1066 1116 1144 dicit,
1146 1066 1173 1129 si
1201 1064 1365 1130 occidatur
1391 1068 1442 1128 aut
1470 1088 1479 1126 a

298 1176 445 1240 mittatur
472 1176 503 1239 in
532 1193 688 1240 carcerem
717 1174 826 1238 autin
850 1158 988 1239 uinculis
1012 1173 1167 1238 habeatur·
1190 1175 1247 1236 aut
1269 1171 1445 1256 flagelletur

297 1283 475 1363 ceterisque
496 1282 664 1346 tormentis
688 1285 720 1345 et
743 1280 938 1346 cruciatibus
963 1280 1132 1364 adfligatur
1154 1281 1210 1343 aut
1232 1278 1445 1361 proscribetur

298 1390 484 1472 damnisque
507 1388 665 1453 afficiatur
688 1388 888 1472 grauissimis
911 1406 1013 1470 usque
1037 1386 1077 1450 ad
1100 1386 1244 1450 nltimam
1269 1383 1444 1448 nuditatem

298 1498 354 1559 aut
386 1494 542 1576 spolietur
573 1494 745 1559 honoribus
777 1499 873 1576 atque
900 1494 1046 1579 ingentes
1075 1492 1212 1574 accipiat
1238 1489 1444 1555 contumelias

296 1621 353 1684 per
385 1619 604 1683 quaecumque
637 1600 795 1666 conuicia:
829 1599 983 1683 quidquid
1015 1598 1128 1664 horum
1160 1600 1296 1681 quisque
1327 1596 1443 1660 iniuste
1459 1624 1481 1660 ιο

296 1727 411 1790 passus
435 1707 542 1785 fuerit,
565 1726 657 1773 nemo
682 1709 732 1772 est
754 1710 820 1771 tam
845 1705 983 1785 demens,
1008 1706 1062 1789 qui
1081 1724 1153 1771 eum
1172 1703 1362 1769 inmundum
1381 1701 1444 1767 lieri

297 1814 392 1879 dicat.
435 1816 468 1878 at
495 1814 523 1878 si
551 1813 624 1878 fimo
655 1814 863 1898 perfundatur
891 1816 947 1877 aut
974 1813 1002 1877 si
1021 1814 1092 1877 tale
1121 1811 1241 1894 aliquid
1270 1812 1300 1875 ei
1328 1828 1384 1893 per
1410 1827 1443 1871 os

295 1919 481 1985 infundatur
507 1920 560 1984 uel
586 1920 765 1985 inculcetur
792 1920 972 2003 patiaturue
1003 1919 1182 1997 muliebria,
1211 1918 1353 1983 omnium
1381 1914 1443 1978 fero

296 2046 409 2092 sensus
443 2026 599 2102 abhorret,
633 2029 665 2091 at
697 2028 938 2111 constupratum
973 2030 1067 2108 atque
1099 2026 1285 2091 inmundum
1317 2024 1442 2091 uocant.

294 2134 341 2197 ita
371 2133 471 2217 igitur
503 2132 755 2198 concludendum
788 2136 847 2210 est,
875 2137 912 2197 ut
940 2152 1159 2216 quaecumque
1187 2133 1289 2197 aliana
1317 2138 1442 2215 peccata
1460 2152 1479 2190 ¹⁵

296 2239 435 2323 exeeptis
457 2239 520 2318 his,
545 2258 625 2321 quae
652 2240 839 2304 inmundum
867 2240 988 2306 faciunt
1011 2240 1042 2304 in
1067 2260 1161 2322 quem
1190 2240 1396 2305 committunt
1434 2292 1440 2305 .

295 2366 355 2412 non
380 2346 480 2411 enitet
504 2346 639 2428 quisque
664 2347 805 2429 peccatis
830 2346 897 2412 suis
921 2366 1022 2429 neque
1041 2363 1097 2428 pro
1117 2366 1152 2411 se
1171 2365 1273 2429 neque
1292 2366 1349 2429 pro
1370 2367 1441 2430 quo-

295 2470 400 2534 quam,
429 2451 485 2516 sed
514 2471 551 2516 ea
577 2453 707 2516 sufferat
734 2453 841 2534 potius
871 2453 1056 2536 fortiterque
1083 2453 1232 2535 patiatur,
1257 2453 1319 2517 etsi
1346 2454 1439 2518 nullis

294 2558 434 2639 peccatis
458 2558 526 2623 suis
547 2578 584 2623 ea
609 2559 703 2624 debet
727 2560 845 2623 euitare
868 2578 969 2642 neque
988 2558 1162 2638 mendacio,
1181 2560 1237 2624 illa
1254 2580 1342 2636 uero,
1362 2580 1437 2644 quae

294 2665 341 2728 ita
364 2666 607 2730 committuntur
629 2665 661 2729 in
684 2666 824 2744 homine,
844 2670 881 2730 ut
900 2686 973 2730 eum
992 2666 1109 2730 faciant
1126 2666 1326 2745 inmundum,
1347 2666 1435 2730 etiam
1452 2684 1473 2722 a

294 2770 433 2852 peccatis
466 2772 584 2837 uostris
617 2773 737 2837 euitare
771 2772 951 2851 debeamus,
982 2790 1017 2837 ac
1044 2792 1101 2855 per
1132 2774 1193 2837 hoc
1225 2792 1282 2837 nec
1313 2776 1435 2855 peccata

295 2877 427 2942 dicenda
446 2878 519 2956 sint,
539 2897 619 2961 quae
637 2883 801 2961 propterea
823 2878 911 2956 liunt,
932 2881 968 2943 ut
985 2878 1041 2944 illa
1058 2878 1248 2944 inmunditia
1272 2878 1432 2943 deuitetur.

295 2984 448 3067 quidquid
473 2986 557 3049 enim
574 2985 620 3049 ita
638 2985 684 3062 fit,
705 2990 751 3061 ut,
771 2985 834 3049 nisi
851 2985 950 3059 fieret,
968 2986 1053 3049 iuste
1071 2986 1360 3069 reprehenderetur,
1378 3004 1431 3049 non

294 3094 344 3154 est
361 3094 539 3172 peceatum.
560 3110 596 3156 er
615 3112 677 3175 quo
697 3092 872 3171 conficitur,
887 3098 925 3156 ut
942 3111 1000 3157 nec
1017 3092 1074 3157 illa
1091 3092 1282 3158 inmunditia
1300 3089 1430 3158 uocanda

294 3196 347 3275 sit,
367 3197 491 3279 quando
511 3197 654 3262 cultandi
672 3217 741 3262 eam
760 3198 848 3262 nulla
870 3197 1005 3263 facultas
1029 3202 1092 3275 est;
1117 3198 1214 3263 habet
1237 3198 1320 3263 enim
1344 3197 1427 3262 etiam
1445 3210 1466 3248 2³·

294 3306 380 3381 tunc,
409 3304 494 3388 quod
520 3308 606 3369 recte
639 3309 712 3391 agat
745 3305 800 3388 qui
833 3323 901 3369 eam
933 3306 1063 3387 patitur,
1097 3308 1134 3369 ut
1164 3304 1321 3387 patienter
1349 3304 1426 3375 forat,

332 3545 471 3599 luducit
488 3546 519 3599 E
535 3546 641 3614 dacica
703 3547 843 3601 2rmllum
864 3546 980 3601 alienum
999 3547 1029 3601 F
1094 3548 1257 3615 elesiario
1327 3550 1423 3619 peccato

293 3653 345 3690 ona.
365 3641 377 3703 β
395 3652 432 3691 er.
451 3637 483 3688 in
500 3634 531 3689 Ε
600 3637 722 3705 cneco
803 3636 886 3690 facias
905 3635 1048 3706 MRqub
1125 3638 1282 3707 excipienda
1299 3638 1329 3693 F
1389 3639 1424 3689 eet

293 3741 343 3778 om.
365 3724 493 3794 ΜΕΕὛῙ
547 3724 564 3777 8
584 3723 761 3794 dampnieque
781 3724 811 3777 F
862 3726 878 3778 9
898 3726 1062 3794 exspoliatur
1079 3726 1152 3780 Mea
1171 3727 1319 3796 expolietur
1334 3724 1421 3794 E’qu

296 3813 328 3865 10
348 3812 468 3865 corruitis
486 3812 523 3865 M
620 3812 749 3883 quicquid
767 3812 826 3867 SM
922 3814 1022 3867 iniuste
1042 3816 1157 3883 quisque
1175 3814 1206 3869 F
1293 3815 1420 3886 quicquat

295 3901 325 3954 11
346 3900 456 3955 tam.S
509 3902 542 3955 12
562 3903 653 3956 aatF
706 3903 738 3956 13
758 3903 960 3957 inconculcetur
979 3923 1013 3975 qq
1085 3904 1270 3973 patiatumefl
1323 3906 1352 3957 14
1367 3916 1417 3955 sen·

292 4005 389 4059 eumq
481 3994 585 4042 exorret
602 3990 640 4043 Μ
656 3990 781 4045 exhorret
798 3989 875 4063 mae
967 3996 995 4046 et
1012 4010 1063 4047 om.
1084 3992 1136 4046 SF
1223 3988 1418 4063 constupratunl

292 4080 499 4146 conspurcatum
519 4078 629 4149 Μβφὺά,
650 4083 681 4144 (s.
702 4079 732 4149 t.)
750 4078 790 4133 Ε2
808 4086 1017 4151 conspurgatum
1036 4082 1079 4151 Rq
1136 4082 1168 4136 16
1187 4083 1221 4136 iis
1240 4082 1305 4137 an
1355 4092 1412 4132 com·

292 4164 456 4219 mittiturS
519 4168 551 4219 17
569 4184 658 4222 nonne
677 4170 749 4223 uitet
768 4170 830 4225 MR
895 4170 927 4224 19
943 4174 1045 4226 euitare
1063 4172 1094 4225 Ε
1154 4173 1189 4227 20
1207 4172 1334 4227 hominem
1350 4165 1414 4234 aad

293 4256 328 4307 22
348 4258 411 4306 sunt
428 4254 459 4308 F
537 4256 605 4309 fiant
622 4257 659 4309 M
728 4258 762 4313 23
784 4258 912 4329 quicquid
929 4260 995 4315 ΕΜ
1068 4262 1117 4332 ita]
1138 4262 1196 4317 uita
1214 4262 1242 4318 R
1308 4262 1337 4315 25
1353 4256 1409 4309 enim

291 4359 351 4410 exp.
371 4342 401 4396 E
417 4343 506 4412 omli
561 4347 595 4399 26
615 4349 687 4400 recte
707 4363 740 4401 ecc
759 4351 831 4402 certe
850 4349 880 4402 Ε
951 4366 982 4403 ea
1001 4348 1157 4422 MRqubd
1227 4352 1379 4422 pacienter?
