3109 4959
271 458 334 526 178
626 455 653 513 S.
677 454 819 511 Aureli
847 457 1067 525 Augustini

268 654 428 718 erroribus
458 650 604 717 seruiunt
630 653 684 717 uel
711 650 835 734 aliquas
863 650 1000 715 minores
1029 650 1222 733 cupiditates
1249 650 1327 716 ideo.
1341 652 1423 716 uin·

269 764 357 837 cunt,
381 762 419 825 ut
442 758 520 824 alias
540 760 693 841 expleant,
714 776 848 841 quarum
872 756 1048 841 granditate
1072 757 1252 821 uincuntur.
1276 777 1314 821 eu
1331 776 1423 835 uero,

269 884 350 951 quae
382 883 459 930 uera
492 868 542 930 est
573 864 709 948 desuper
736 864 876 929 ueniens*
896 863 1099 940 continentia,
1126 882 1200 928 nou·
1221 863 1292 928 aliis
1324 864 1424 929 mdis

270 975 354 1038 mala
377 990 518 1057 premere
542 970 614 1049 alia,
639 971 695 1036 sed
718 970 811 1037 bonis
834 970 920 1035 mala
942 989 1051 1035 sanare
1074 970 1147 1035 uult
1169 971 1284 1035 omnia.
1326 972 1423 1036 cuins

269 1086 307 1145 ut
328 1079 469 1145 breuiter
492 1078 684 1163 complector
717 1078 883 1157 actionem,
917 1078 1064 1143 omnibus
1096 1096 1227 1163 prorsus
1255 1076 1423 1143 delectati·
1454 1100 1471 1139 s

270 1186 384 1251 ouibus
399 1184 685 1267 concupiscentiae,
701 1202 781 1267 quac
796 1184 1005 1249 aduersantur
1018 1184 1221 1250 delectationi
1233 1186 1423 1267 sapientiae,

269 1290 473 1357 cohercendis
510 1292 606 1373 atque
643 1290 791 1355 sanandis
827 1288 978 1374 inuigilat
1017 1288 1160 1355 officium
1196 1290 1421 1357 continentiae.

268 1398 352 1463 unde
385 1396 553 1482 angustius
586 1415 655 1461 eam
688 1395 757 1462 sine
791 1396 988 1461 dubitatione
1023 1396 1208 1473 metiuntur,
1241 1398 1297 1480 qui
1334 1398 1424 1463 solas

268 1504 418 1570 libidines
442 1503 582 1587 corporis
607 1503 753 1569 cohibere
777 1502 945 1581 dcfiuiunt;
973 1503 1090 1568 melius
1116 1503 1258 1586 proiecto
1281 1504 1340 1583 illi,
1364 1506 1423 1589 qui

268 1630 331 1676 non
351 1610 472 1675 addunt
491 1610 640 1694 corporis,
656 1609 711 1675 sed
732 1611 921 1695 generaliter
937 1610 1102 1675 libidinem
1121 1611 1191 1675 siue
1210 1610 1422 1694 cupiditatem
1443 1635 1472 1673 ro

268 1716 440 1803 regendum
464 1714 575 1781 dicunt
597 1715 636 1780 ad
660 1716 888 1783 continentiam
910 1716 1077 1800 pertinere.
1101 1736 1181 1799 quae
1204 1718 1365 1801 cupiditas
1385 1720 1420 1785 in

269 1824 351 1889 uitio
375 1823 505 1908 ponitur
528 1842 584 1887 nec
608 1826 732 1887 tantum
753 1827 804 1888 est
822 1823 972 1907 corporis,
991 1842 1103 1888 uerum
1122 1827 1155 1888 et
1173 1824 1281 1889 animi.
1300 1823 1420 1889 etenim

270 1932 299 1997 si
331 1930 471 2013 corporis
504 1929 662 2013 cupiditas
696 1934 746 1995 est
776 1930 809 1993 in
841 1928 1103 1995 fomicntionibus
1136 1933 1169 1995 et
1200 1930 1422 2005 ebrietatibus,

273 2036 428 2120 numquid
453 2034 695 2114 inimicitiae,
720 2035 998 2114 contentiones,
1016 2035 1307 2114 aemulationes,
1331 2044 1421 2123 post

268 2162 356 2209 remo
385 2142 653 2209 animositates
680 2141 712 2206 in
741 2142 881 2226 corporis
908 2141 1143 2225 uoluptatibus,
1166 2161 1203 2207 ac
1226 2163 1287 2210 nou
1310 2146 1421 2227 potius
1442 2168 1468 2205 n

269 2250 301 2315 in
339 2249 433 2315 animi
471 2249 613 2314 motibus
652 2252 685 2313 et
725 2248 1014 2331 perturbationibus
1052 2250 1256 2315 exercentur?
1296 2254 1421 2318 carnis

269 2361 394 2421 tamen
428 2374 540 2437 opera
571 2354 650 2419 haec
683 2354 790 2419 omnia
822 2355 1019 2437 nuncupauit
1045 2357 1221 2439 apostolus,
1244 2356 1315 2423 siue
1338 2378 1421 2442 qnae

270 2464 310 2527 ad
342 2462 482 2527 animum
516 2460 584 2526 siue
617 2480 697 2543 qnae
726 2460 765 2525 ad
789 2480 914 2526 curnem
937 2462 1062 2545 proprie
1084 2463 1296 2544 pertinerent,
1310 2466 1420 2548 ipsum

271 2568 396 2634 scilicet
418 2568 579 2633 hominem
603 2568 729 2632 nomine
753 2568 855 2633 camis
874 2567 1048 2652 appellans.
1068 2587 1162 2650 opera
1180 2570 1298 2653 quippe
1317 2571 1420 2637 bomi-

268 2675 318 2739 nis
343 2678 427 2751 ouut,
447 2692 527 2758 quiae
546 2692 606 2739 non
626 2673 775 2741 dicuntur
794 2674 854 2751 dei,
874 2672 1024 2757 quoniam
1041 2674 1148 2751 homo,
1168 2676 1223 2758 qui
1242 2676 1321 2742 hacc
1338 2680 1418 2763 agit
1439 2698 1467 2737 ro

270 2780 445 2846 secundum
475 2798 509 2843 se
537 2780 644 2861 ipsum
672 2778 765 2858 uiuit,
789 2798 851 2843 non
880 2780 1055 2845 secundum
1079 2780 1185 2859 deum,
1207 2784 1239 2847 in
1262 2786 1418 2867 quantum

268 2886 347 2951 baec
371 2874 448 2971 agit}
473 2889 548 2951 sunt
571 2888 677 2951 autem
701 2886 763 2955 alia
783 2904 877 2969 opera
895 2886 1045 2963 hominis,
1064 2906 1146 2970 quae
1164 2889 1267 2973 magis
1286 2889 1421 2954 dicenda

270 2996 346 3058 sunt
370 2992 430 3057 dei.
454 2992 552 3057 dens
578 2996 641 3057 est
664 2992 777 3071 enim,
800 2992 906 3076 inquit
929 2994 1106 3076 apostolus,
1131 2994 1198 3077 qui
1223 2999 1420 3079 operatur

269 3099 307 3165 in
336 3099 458 3165 uobis
487 3102 526 3163 et
554 3100 664 3163 uelle
693 3102 732 3164 et
760 3100 921 3183 operari
954 3120 1024 3181 pro
1057 3100 1157 3165 bona
1188 3103 1417 3170 uoluntate.

268 3204 341 3270 inde
365 3208 415 3270 est
439 3205 585 3270 utillud:
611 3209 815 3289 quotquot
838 3206 941 3271 enim
965 3206 1118 3290 spiritu
1142 3207 1207 3273 dei
1229 3213 1417 3294 aguntur,
1436 3229 1466 3270 so

268 3312 309 3376 hi
332 3311 419 3376 filii
444 3317 539 3376 sunt
563 3312 636 3377 dei.

359 3558 393 3611 14
412 3556 445 3611 ci.
467 3556 525 3612 Gal.
546 3558 570 3621 5,
593 3557 695 3611 19-21
753 3558 788 3611 23
806 3557 877 3612 Phil.
897 3558 923 3623 2,
944 3560 977 3614 13
1035 3560 1068 3614 25
1087 3560 1163 3613 Rom.
1184 3560 1209 3623 8,
1231 3561 1264 3615 14

304 3731 320 3784 3
339 3732 452 3785 ueniens
472 3748 522 3785 our.
546 3732 569 3787 U
675 3732 747 3802 aliis]
768 3732 868 3802 aliquia
890 3732 917 3787 Τ
1003 3735 1031 3788 ’4
1048 3750 1187 3803 praemere
1205 3736 1242 3789 M
1257 3736 1371 3808 prebere
1387 3736 1419 3791 R

268 3834 363 3874 sanare
382 3818 454 3873 nrala
471 3819 534 3874 DX
591 3818 788 3876 baduersatur
808 3820 835 3874 Τ
892 3822 1082 3876 Ὶοοετοεηᾱίι
1100 3823 1274 3879 aculione
1328 3826 1416 3881 acin-

267 3908 367 3961 fiuiunt
385 3906 471 3963 DUX
578 3910 825 3964 10nonone1a¹
947 3913 1051 3980 corpori
1069 3911 1097 3967 R
1208 3915 1240 3968 la
1263 3930 1357 3969 uerum
1376 3916 1416 3985 et]

267 3992 316 4046 sed
339 3995 422 4047 etium
445 3994 506 4049 DX
603 3997 636 4051 13
665 3996 802 4067 cupiditas
830 4000 949 4068 corporis
972 3999 1216 4055 maneamne
1322 4020 1417 4073 corpo·

267 4082 305 4135 ria
323 4082 421 4135 oocU
510 4086 543 4139 16
561 4085 589 4138 in
610 4101 660 4140 om.
684 4085 719 4139 Τι
792 4090 884 4140 tamen
904 4088 991 4141 camis
1009 4087 1054 4144 R,
1111 4089 1143 4142 17
1163 4090 1254 4145 omnia
1272 4089 1419 4146 baecDX

269 4170 302 4223 18
317 4170 441 4239 propriae
455 4172 519 4225 ΜΒ
571 4174 709 4244 pertinent
721 4172 809 4227 DOX
861 4174 1001 4228 2011on
1048 4176 1190 4231 nauseo
1241 4176 1417 4233 deidiecnda

267 4261 339 4399 soror}l
350 4274 431 4328 opera
444 4259 505 4313 DX
557 4262 592 4315 23
612 4276 693 4331 opera
707 4260 751 4316 dei
764 4260 989 4317 maceniam
1042 4264 1190 4319 estomG
1241 4266 1418 4323 ltnobisR

267 4347 302 4400 26
342 4346 360 4399 ii
379 4346 434 4401 BG
