3109 4959
288 423 352 486 542
638 419 665 470 S.
695 417 832 474 Aureli
860 417 1080 486 Augustini

274 610 440 682 uteretur,
471 605 555 690 quod
588 606 649 672 sibi
681 605 793 670 liceret
821 624 857 672 ex
885 605 1003 671 domini
1030 604 1273 679 constitutione:
1306 606 1335 668 si
1364 602 1440 688 quis

285 721 392 780 autem
430 714 478 780 uti
515 713 624 790 nollet,
658 731 719 778 uon
758 716 868 778 contra
899 712 1025 776 iussum
1057 711 1183 788 faceret,
1216 712 1273 776 sed
1304 711 1346 776 de
1379 730 1440 776 suo

277 821 352 900 *iure
368 820 535 887 decederet
552 818 789 884 misericordius
809 823 843 882 et
859 819 1050 884 laboriosius
1070 825 1275 884 conuersstus
1293 818 1325 881 in
1343 838 1442 882 enan·

285 929 379 1012 gatto,
404 927 436 991 in
461 945 522 1009 quo
547 929 580 990 et
607 925 746 992 debitam
774 925 951 990 mercedem
980 926 1082 990 nollet
1109 926 1260 1006 accipere.
1294 924 1440 1006 alioquin

286 1037 394 1098 contra
417 1033 542 1100 iussum
567 1031 686 1096 domini
705 1031 782 1096 fecit
801 1031 976 1114 apostolus,
996 1031 1050 1113 qui
1070 1039 1276 1114 posteaquam
1295 1031 1443 1095 ostendit
1469 1053 1482 1092 s

287 1139 347 1204 sibi
367 1139 473 1217 licere,
494 1139 604 1204 statim
624 1137 774 1202 subiecit:
801 1137 868 1202 sed
893 1140 1023 1202 tamen
1048 1156 1119 1219 ego
1139 1156 1210 1202 uon
1231 1157 1314 1204 sum
1336 1157 1441 1202 usus

286 1247 358 1309 huc
382 1246 602 1326 potestate.
1002 1305 1007 1314 .

331 1351 402 1414 Vll.
427 1353 458 1415 8.
484 1349 545 1414 Sed
565 1349 604 1414 ad
624 1348 765 1414 ordinem
783 1347 950 1415 redeamus
970 1368 1006 1413 ac
1029 1353 1135 1414 totum
1154 1351 1259 1432 ipsum
1279 1351 1442 1434 epistulae

285 1459 392 1521 locum
426 1456 594 1540 diligenter
622 1454 868 1520 consideremus.
910 1455 1103 1538 numquid
1130 1476 1204 1522 non
1232 1457 1441 1527 habemus.

285 1563 399 1644 inquit,
423 1561 637 1628 licentiam
660 1562 929 1627 manducandi
953 1566 991 1628 et
1016 1563 1205 1628 bibendi?
1241 1563 1443 1647 numquid
1461 1588 1483 1624 n

286 1689 361 1733 nou
386 1668 580 1732 hebernus
603 1669 819 1734 licentiam
844 1689 1021 1734 sororem
1040 1670 1249 1734 mulierem
1269 1669 1441 1734 circum-

286 1774 486 1840 ducendi?
524 1795 618 1856 quam
651 1775 814 1842 licentiam
843 1776 931 1854 dixit,
960 1775 1022 1841 nisi
1051 1795 1145 1858 quam
1173 1776 1260 1841 dedit
1286 1776 1441 1841 dominus

281 1881 344 1958 cis,
373 1899 452 1962 quos
486 1881 523 1945 ed
556 1881 802 1964 praedicandum
834 1901 968 1965 regnum
1000 1883 1158 1948 caelorum
1191 1882 1279 1947 misit
1311 1882 1440 1947 dicens:

286 2008 331 2052 ea
354 2006 452 2070 quae
477 1987 522 2051 ab
546 1987 652 2069 ipsis
677 1991 771 2053 suut
793 1989 1050 2065 manducate3
1076 1989 1224 2073 dignus
1248 1994 1309 2052 est
1332 1989 1441 2052 enim

286 2094 499 2176 operarius
529 2095 711 2158 mercede
741 2114 822 2172 sua,
847 2098 880 2158 et
903 2095 1066 2177 seipsum
1089 2114 1266 2177 proponens
1289 2095 1331 2160 ad
1355 2095 1440 2158 eius·
1457 2109 1480 2148 ¹⁶

286 2201 358 2264 dem
399 2199 568 2282 potestatis
610 2201 804 2283 exemplum,
844 2201 896 2265 eui
932 2201 1137 2268 fidelissimae
1173 2201 1321 2266 mulieres
1362 2201 1439 2265 talia

287 2307 465 2372 necessaria
492 2306 531 2370 de
559 2307 627 2372 suis
655 2308 863 2374 facultatibus
888 2308 1130 2374 ministrabant?
1167 2310 1304 2391 amplius
1327 2315 1438 2373 antem

287 2413 365 2477 fecit
397 2415 561 2496 apostolus
590 2414 721 2488 Paulus,
750 2418 788 2478 ut
820 2415 859 2478 de
891 2417 1086 2497 coapostolis
1114 2416 1181 2481 suis
1210 2415 1439 2480 documentum

288 2518 452 2585 adhiberet
482 2518 577 2584 huius
610 2519 755 2584 licentiae
783 2538 802 2583 a
834 2520 960 2584 domino
995 2521 1175 2602 permissae.
1217 2539 1318 2602 neque
1353 2518 1438 2584 enim

288 2623 518 2705 reprehendens
529 2625 679 2690 subiecit:
696 2625 808 2691 sicut
822 2631 861 2690 et
875 2627 1003 2690 ceteri
1022 2628 1205 2708 apostoli
1225 2632 1264 2691 et
1282 2628 1438 2690 iratres
1456 2643 1480 2680 n

287 2730 440 2794 domini
464 2735 503 2796 et
527 2731 695 2813 Captae,
720 2732 776 2797 sed
800 2737 838 2798 ut
860 2732 933 2797 hinc
957 2732 1137 2799 ostenderet
1159 2733 1220 2798 hoc
1240 2753 1274 2798 se
1293 2734 1439 2817 accipere

288 2837 441 2913 noluisse
462 2837 546 2918 quod
566 2838 594 2900 ei
613 2837 709 2902 licere
724 2838 866 2920 accipere
880 2843 1055 2904 ceterorum
1071 2840 1166 2904 etiam
1181 2840 1438 2904 commilitonum

289 2943 357 3006 eius
378 2963 464 3007 more
482 2945 677 3025 probaretur.
697 2964 742 3008 an
767 2964 838 3028 ego
864 2947 977 3010 solus
1002 2949 1041 3010 et
1058 2947 1263 3011 Barnabas
1282 2965 1358 3012 nou
1379 2946 1439 3010 ha·

288 3049 425 3113 bemus
449 3053 698 3132 potestatem
722 3070 796 3116 non
820 3053 1037 3134 operandi?
1061 3071 1133 3116 ecce
1156 3053 1292 3118 abstulit
1311 3072 1438 3118 omnem

377 3291 551 3361 dicore,
572 3295 604 3347 12
677 3294 805 3348 ultor.
825 3296 850 3357 9,
868 3297 931 3350 4.5
1006 3297 1039 3349 14
1057 3295 1121 3351 Luc.
1142 3295 1220 3362 10,7
1288 3295 1438 3352 aulcor.

288 3381 394 3442 2,5.6

324 3504 340 3555 2
359 3503 432 3557 iussa
451 3504 485 3556 M
553 3506 568 3560 3
588 3505 682 3559 cedere
700 3506 737 3559 M
754 3507 863 3560 cederet
880 3507 1037 3578 PVDNBT
1056 3507 1194 3562 decideret
1211 3511 1239 3562 A
1312 3509 1436 3564 Siocnm

288 3592 391 3663 episolp
411 3593 438 3645 A
521 3594 635 3663 epistole
654 3595 680 3648 L
744 3597 870 3664 tinquit
887 3613 940 3650 non
959 3597 1090 3650 habemus
1108 3597 1146 3651 bd
1209 3599 1243 3651 10
1260 3598 1436 3652 licentiam-

288 3679 418 3734 habemus
437 3698 487 3735 om.
508 3684 534 3734 Α
616 3687 655 3752 et]
676 3686 724 3738 aut
747 3684 849 3754 VDMT
908 3686 940 3738 12
960 3684 1084 3740 dominus
1103 3685 1181 3739 dedit
1197 3683 1268 3741 Nun
1332 3690 1366 3742 13
1386 3688 1435 3754 eisl

288 3767 391 3823 illisN
425 3771 458 3822 14
474 3769 507 3822 sb
522 3771 598 3840 ipsis]
618 3772 690 3841 apud
704 3773 767 3826 illos
781 3773 838 3826 DA
853 3773 940 3843 a=pud
954 3775 1027 3843 ipsos
1042 3776 1081 3844 (ip
1094 3791 1117 3830 s.
1132 3774 1202 3844 l.)L
1244 3776 1277 3829 16
1292 3777 1371 3830 cuins
1384 3775 1437 3828 LO

288 3856 368 3926 talia]
389 3857 443 3910 alia
466 3858 519 3912 VD
575 3860 607 3913 18
627 3861 668 3929 ut]
690 3864 718 3914 et
739 3861 798 3916 00¹
819 3866 850 3914 nt
869 3866 897 3915 et
913 3863 949 3931 L,
969 3879 1021 3916 om.
1039 3863 1079 3917 F¹
1151 3865 1185 3918 de
1198 3882 1215 3917 a
1228 3864 1395 3934 coapostolis
1412 3863 1440 3916 V

289 3946 475 4014 quoapostolis
495 3951 563 4012 (us.
584 3949 660 4013 th
737 3951 768 4004 19
787 3949 915 4005 licentiae
932 3952 1013 4005 huius
1031 3953 1069 4006 M
1142 3955 1176 4007 21
1196 3953 1315 4023 chephss
1336 3953 1435 4008 cese

288 4034 357 4102 phas
374 4035 431 4088 BD
521 4054 549 4090 se
568 4055 654 4108 emp
745 4041 778 4093 22
798 4040 1029 4112 quod-accipere
1047 4059 1098 4097 om.
1116 4043 1253 4113 PVDMT
1342 4043 1437 4098 liceret

292 4120 449 4176 CLOFAB
533 4127 739 4182 commilitonum
764 4128 803 4197 Vp
875 4130 910 4183 23
928 4133 1013 4200 more]
1031 4133 1059 4185 in
1079 4148 1125 4186 ore
1143 4132 1178 4186 N
1192 4136 1224 4186 ut
1240 4132 1314 4186 idem
1333 4149 1390 4186 mos
1406 4133 1434 4185 A

288 4209 333 4278 an]
354 4211 394 4263 ait
411 4228 445 4264 au
464 4213 491 4264 A
563 4215 638 4268 solus
655 4216 747 4286 iuquit
764 4217 819 4272 LO
890 4220 925 4273 24
943 4224 1108 4289 potestatem
1126 4237 1177 4278 orn.
1196 4222 1224 4292 γι
1298 4239 1352 4276 non
1370 4237 1434 4290 ope-

288 4297 376 4367 randi}
398 4301 526 4368 operandi
546 4319 578 4356 ea
596 4304 730 4375 PVDMp
