3109 4959
254 411 297 475 56
609 407 638 463 S.
665 363 804 460 Aureli
831 404 1053 476 Augustini

255 623 335 686 quae
357 604 450 668 uelut
472 605 715 686 persequuntur,
739 606 870 684 peccata
894 600 1067 678 deleantur,
1092 600 1176 665 sicut
1200 620 1261 667 non
1286 602 1406 667 aurificii

253 711 431 776 Israhelitis
463 709 608 775 recedere
640 709 680 773 ab
713 710 872 793 Aegypto,
905 708 967 773 nisi
1001 726 1037 772 ea
1070 726 1149 789 quae
1181 708 1406 791 insequebatur

254 817 396 882 bostium
425 816 599 882 multitudo
628 816 772 880 eiusdem
801 814 898 880 maris
926 815 1076 879 fluctibus
1100 814 1251 893 interiret,
1276 814 1331 899 qui
1355 816 1404 880 dei

254 925 372 1007 populo
400 921 572 986 transituro
599 920 827 1003 liberandoque
855 922 1036 1003 patuerunt.
1061 918 1115 1001 qui
1138 938 1213 1003 ergo
1240 921 1405 1002 profitetur

255 1032 293 1097 ab
326 1030 482 1095 adulterio
515 1049 549 1094 se
582 1028 666 1094 nolle
697 1030 832 1104 mutare,
865 1028 1023 1110 quomodo
1061 1046 1117 1110 por
1152 1046 1237 1090 mare
1275 1026 1404 1090 rubrum
1436 1048 1451 1087 s

256 1137 399 1213 ducetur,
424 1156 498 1201 oum
530 1136 568 1201 ab
596 1136 742 1220 Aegypto
776 1136 880 1199 adhuc
912 1136 1039 1199 recuset
1071 1133 1260 1199 abscedere?
1294 1132 1404 1197 deinde

254 1263 314 1309 non
349 1243 522 1308 adtendunt
550 1244 582 1307 in
611 1243 756 1327 calogo,
786 1260 866 1325 quae
894 1244 969 1323 post
996 1238 1165 1305 transitum
1193 1238 1290 1303 maris
1318 1240 1405 1304 rubri

254 1351 305 1415 illi
330 1350 449 1433 populo
479 1350 553 1414 data
581 1352 642 1426 est,
664 1349 804 1431 primum
828 1367 898 1415 esse
930 1352 1148 1429 praeceptum:
1181 1364 1255 1411 non
1289 1349 1406 1411 erunt

254 1456 335 1522 tibi
373 1456 430 1520 dii
469 1456 544 1520 alii
580 1458 744 1539 praeter
779 1474 847 1521 me.
888 1474 962 1520 nou
1000 1454 1131 1519 facies
1173 1454 1252 1519 tibi
1293 1453 1406 1518 idola

256 1582 384 1646 noque
421 1562 550 1627 ullum
588 1561 866 1638 simulacrum,
901 1580 1179 1645 quaecumque
1215 1562 1253 1625 in
1292 1562 1450 1626 caeloro

257 1675 352 1733 sunt
382 1688 544 1734 sursum
573 1672 612 1733 et
640 1688 919 1753 quaecumque
946 1668 984 1733 in
1013 1672 1122 1733 terra
1151 1667 1338 1732 deorsum
1368 1671 1407 1731 et

255 1794 534 1859 quaecumque
565 1776 605 1841 iu
637 1794 739 1859 aqua
772 1778 811 1840 et
844 1776 917 1841 sub
951 1780 1069 1841 terra.
1107 1793 1180 1839 non
1214 1773 1405 1839 adorabis

257 1900 301 1945 ea
330 1900 456 1964 neque
485 1883 646 1948 seruies
675 1883 745 1961 eis,
770 1886 803 1947 et
830 1885 934 1947 cetera
965 1882 1004 1946 ad
1027 1882 1089 1947 hoc
1111 1888 1316 1965 praeceptum
1339 1900 1406 1964 per·

255 1988 396 2053 tinentia.
425 1989 590 2053 adfirment
617 1991 723 2072 itaquo
751 1989 817 2065 isti,
847 1989 874 2054 si
904 1989 1027 2065 uolunt,
1053 1991 1162 2054 contra
1188 1988 1291 2072 ipsam
1315 2006 1405 2052 suam

255 2094 466 2159 adsertionem
495 2096 591 2161 etiam
620 2096 658 2160 de
686 2096 779 2160 unius
809 2096 858 2160 dci
883 2096 971 2159 cultu
1000 2095 1203 2177 cauendaque
1226 2094 1406 2159 idololatria
1426 2112 1449 2151 rs

255 2220 317 2266 uon
341 2201 444 2265 adbuc
468 2202 676 2283 baptizandis,
704 2202 760 2267 sed
783 2203 846 2267 iam
870 2202 1039 2285 baptizatis
1063 2220 1134 2267 esse
1161 2200 1405 2285 praedicandum

259 2312 292 2372 et
313 2327 375 2372 non
397 2308 460 2372 iam
485 2308 593 2372 dicant
615 2308 673 2387 eis,
698 2309 753 2391 qui
775 2308 973 2391 baptismum
996 2308 1176 2393 percepturi
1203 2310 1288 2385 sunt,
1311 2307 1405 2372 fidem

256 2418 381 2479 tantum
409 2434 489 2497 quae
516 2415 549 2479 iu
578 2415 635 2481 deo
664 2420 714 2480 est
736 2416 944 2480 intimandam
973 2419 1005 2481 et
1028 2418 1102 2499 post
1125 2415 1194 2479 eius
1218 2414 1407 2481 sacramenti

256 2520 491 2604 perceptionem
515 2520 553 2583 de
572 2520 714 2586 moribus
733 2521 819 2585 uitae
838 2524 1003 2604 tamquam
1023 2520 1061 2585 de
1080 2521 1219 2585 secundo
1238 2524 1404 2603 praecepto

257 2646 312 2692 eos
336 2626 420 2708 quod
444 2626 484 2691 ad
507 2627 707 2693 dilectionem
731 2628 864 2709 proximi
889 2628 1027 2711 pertinet
1047 2627 1261 2693 instruendos.
1285 2630 1405 2691 utrum·
1423 2644 1449 2685 ro

257 2753 319 2817 que
353 2734 436 2798 enim
467 2734 518 2798 lor
550 2734 700 2811 continet,
725 2754 819 2816 quam
853 2737 929 2815 post
960 2752 1047 2798 mare
1078 2734 1210 2799 rubrum
1241 2737 1405 2816 tamquam

257 2844 332 2924 post
354 2840 549 2924 baptismum
571 2841 710 2924 populus
734 2840 870 2923 accepit3
895 2859 952 2904 neo
975 2840 1022 2904 ita
1044 2841 1128 2904 facta
1152 2844 1201 2905 est
1223 2838 1404 2905 distributio

257 2950 508 3031 praeceptorum,
546 2950 583 3012 ut
619 2952 691 3011 aute
727 2948 816 3011 illius
854 2947 950 3011 maris
987 2947 1156 3011 transitum
1190 2945 1228 3011 do
1267 2946 1405 3011 cauenda

257 3053 439 3119 idololatria
461 3055 551 3136 plebs
575 3054 743 3119 doceretur
765 3057 808 3131 et,
827 3056 1036 3137 posteaquam
1059 3054 1263 3130 transierunt,
1284 3053 1405 3119 audiret

257 3160 474 3225 honorandum
501 3164 623 3245 patrem
651 3164 684 3225 et
710 3164 854 3237 matrem,
883 3178 943 3225 non
972 3159 1212 3239 moechandum,
1236 3178 1298 3225 nou
1327 3159 1443 3225 occi-²⁵

348 3422 429 3477 8E1.
446 3421 489 3486 20,
503 3422 574 3477 3-5
629 3422 665 3475 24
684 3420 717 3477 cf.
737 3420 783 3474 Er.
803 3422 846 3485 20,
867 3422 900 3475 12
919 3438 978 3491 sqq.

297 3595 412 3649 luelud
430 3596 458 3651 R
564 3600 741 3665 persecuntur
758 3596 786 3649 P
892 3596 999 3649 suffecit
1017 3596 1084 3649 de
1176 3593 1410 3648 4trantitomI

259 3687 276 3737 5
299 3685 372 3738 nolle
395 3702 423 3738 se
442 3685 652 3740 SMRBNAbd
758 3687 775 3739 6
798 3684 942 3739 inducetur
959 3684 986 3737 P
1093 3684 1138 3753 ab]
1164 3700 1195 3737 ex
1213 3682 1405 3738 SMRBNPA

259 3772 343 3826 tulii
362 3772 401 3826 dii
416 3774 471 3842 ped
508 3775 541 3828 10
560 3774 646 3827 ullum
666 3790 716 3827 om.
731 3774 759 3827 P
796 3774 828 3827 12
848 3774 897 3827 sub
917 3777 1016 3827 terram
1031 3772 1114 3827 SMR
1153 3774 1185 3827 13
1200 3773 1225 3826 ei
1240 3770 1408 3827 SMAth'P

259 3861 283 3914 is
303 3865 332 3915 et
349 3865 441 3916 cetera
458 3863 490 3915 in
507 3878 565 3916 ras.
583 3878 618 3915 cn.
638 3866 659 3916 2
675 3862 703 3915 B
775 3862 942 3932 pertinentia
960 3866 1133 3930 praeceptum
1149 3864 1176 3914 A
1232 3864 1265 3915 14
1282 3862 1339 3915 ists
1352 3859 1407 3913 ΝΑ

261 3952 294 4004 15
314 3950 396 4003 etiam
415 3968 466 4005 om.
483 3950 499 4018 β
557 3950 714 4005 idololatria
730 3950 766 4005 0.-
784 3950 912 4005 idolatria
930 3949 1234 4017 surnfilzufflxpo
1292 3950 1325 4004 16
1343 3948 1405 4018 iam]

260 4041 342 4093 etiam
363 4038 445 4094 ΒΜΔ
520 4040 552 4094 18
572 4043 679 4094 tantam
695 4039 760 4095 ZG²
835 4040 915 4093 deum
934 4038 1198 4093 SMRBNPAde
1269 4038 1304 4092 20
1323 4037 1405 4107 quod]

261 4144 329 4198 quos
348 4132 371 4194 (s
390 4129 422 4181 in
439 4132 508 4188 raa.)
527 4128 586 4182 SM
654 4130 793 4197 pertinent
811 4128 869 4184 SM
929 4129 963 4182 23
981 4128 1074 4196 maris]
1092 4128 1187 4182 matris
1204 4126 1238 4180 N
1296 4127 1331 4181 24
1349 4126 1405 4180 ido·

259 4216 343 4270 latria
360 4216 687 4283 SMRBIZb'PAxcod
783 4218 841 4287 ples
860 4216 887 4270 P
984 4216 1110 4270 audirent
1127 4214 1297 4283 Bannatia
1314 4214 1405 4269 audie-

259 4308 325 4359 ruut
343 4304 402 4359 SM
453 4307 488 4359 25
507 4306 666 4359 inecandum
685 4306 709 4361 S
727 4305 906 4360 mecharrdum
926 4304 1032 4372 MRPp
