3109 4959
569 429 611 483 de
638 428 842 483 mendacio
1215 432 1282 497 429

127 623 231 689 nenda
254 628 314 703 est,
338 628 376 690 ut
398 644 468 691 earn
491 644 552 690 non
577 626 683 691 solum
705 624 809 709 magis
834 642 930 707 quam
953 644 1078 709 corpus,
1103 624 1159 691 sed
1183 624 1280 691 etiarn

125 728 232 814 magis
251 750 347 814 quam
366 749 401 795 se
418 730 526 813 ipsum
545 730 674 813 adpetat
692 731 827 795 animus.
849 730 896 795 ita
914 730 1030 815 quippe
1051 730 1111 795 erit
1128 731 1282 815 integrior

127 841 161 903 et
185 837 312 915 castior,
336 856 410 903 cum
434 837 503 903 eius
525 838 634 921 potius
657 836 906 902 inmutabilitate
930 856 1023 920 quam
1044 856 1103 903 sua
1120 837 1281 903 mutabili·

124 950 194 1011 tate
229 944 418 1029 perfruetur.
460 944 489 1008 si
526 946 631 1009 autam
664 942 758 1022 Loth,
792 962 864 1008 cum
896 944 943 1008 ita
974 944 1081 1009 iustus
1114 948 1210 1025 esset,
1243 948 1282 1008 ut

92 1052 261 1137 sangelos
289 1051 385 1116 eliam
412 1051 558 1133 hospites
586 1050 748 1133 suscipere
774 1054 959 1128 mereretur,
983 1050 1172 1133 stuprandas
1198 1050 1281 1115 filies

125 1157 304 1224 Sodomitis
331 1158 460 1235 obtulit,
489 1160 527 1222 ut
554 1156 740 1221 feminarum
764 1157 874 1239 potius
898 1158 937 1223 ah
961 1158 1007 1223 eis
1031 1175 1161 1241 corpora
1184 1175 1278 1241 quam

123 1265 270 1331 uirorum
298 1267 581 1345 corrumperentur,
610 1266 727 1345 quanto
752 1263 939 1346 diligentius
963 1267 1058 1346 atque
1082 1264 1281 1329 constantius

123 1372 225 1436 animi
243 1370 375 1436 castitas
394 1371 426 1434 in
444 1370 581 1435 ueritate
600 1369 755 1435 seruanda
773 1372 834 1449 est,
853 1388 926 1435 cum
946 1370 1053 1435 uerius
1072 1370 1141 1454 ipse
1156 1370 1280 1453 corpori

123 1497 186 1544 suo
210 1497 306 1561 quam
329 1495 444 1561 corpus
467 1476 559 1541 uirile
582 1476 718 1541 femineo
743 1476 865 1559 corpori
888 1477 1098 1560 praeferaturl

77 1600 104 1639 1⁰
171 1584 259 1649 VIII.
285 1586 336 1648 ll.
370 1583 493 1664 Quodsi
520 1584 690 1666 quisquam
718 1587 813 1665 putat
839 1584 911 1648 ideo
946 1584 1095 1665 cuiquam
1128 1602 1184 1666 pro
1216 1583 1280 1648 alio

122 1710 198 1757 esse
228 1689 457 1767 mentiendum,
489 1693 527 1753 ut
557 1690 685 1754 interim
716 1690 809 1755 uiuat
839 1693 895 1753 aut
926 1690 957 1754 in
986 1690 1036 1755 his
1063 1691 1170 1769 rebus,
1199 1708 1280 1773 quas

123 1798 265 1861 multum
293 1796 409 1880 diligit,
438 1813 500 1860 non
529 1796 715 1874 offendatur,
740 1814 802 1877 quo
825 1796 930 1879 possit
953 1796 992 1861 ed
1016 1798 1173 1863 aeternam
1198 1796 1278 1860 ueri-

121 1907 225 1968 tatem
256 1902 422 1985 peruenire
455 1902 616 1979 discendo,
649 1921 711 1967 non
737 1902 900 1986 intellegit
925 1903 1027 1985 primo
1056 1902 1180 1966 nullum
1208 1920 1279 1967 esse

122 2010 295 2094 flagitium,
319 2009 404 2091 quod
425 2029 488 2074 non
512 2009 622 2074 eadem
646 2007 831 2075 condicione
851 2008 1013 2091 suscipere
1032 2012 1174 2093 cogatur,
1194 2008 1282 2073 sicut

75 2133 102 2171 ιε
120 2117 189 2181 iam
213 2116 361 2199 superins
385 2116 637 2180 demonstratum
660 2117 720 2193 est,
741 2114 852 2180 deinde
869 2116 972 2199 ipsine
992 2114 1153 2181 doctrinae
1172 2117 1279 2180 aucto·

121 2223 252 2287 ritatem
284 2221 432 2305 intercipi
464 2225 498 2286 et
527 2222 655 2305 penitus
687 2221 826 2300 interire,
861 2222 888 2286 si
921 2222 977 2299 eis,
1011 2240 1090 2306 quos
1123 2222 1162 2286 sd
1189 2222 1277 2287 illam

121 2328 296 2411 perducere
329 2347 489 2405 conamur,
517 2328 681 2394 mendacio
713 2332 822 2395 nostro
850 2330 1080 2411 persuademus
1109 2328 1280 2412 aliqnando

123 2454 197 2500 esse
220 2435 448 2501 mentiendum.
473 2454 546 2501 oum
570 2436 655 2500 enim
678 2436 822 2501 doctrina
844 2436 992 2501 salutaris
1016 2436 1131 2517 partim
1152 2436 1278 2501 creden-

124 2541 186 2619 dis,
208 2541 325 2624 partim
348 2542 570 2625 Intellegendis
592 2542 689 2607 rebus
709 2545 835 2608 constet
854 2562 910 2607 neo
930 2542 969 2607 ad
990 2562 1035 2620 ea,
1056 2562 1136 2625 qnae
1154 2544 1278 2607 intolle-

74 2672 103 2709 ει
124 2647 230 2732 ganda
261 2651 346 2728 sunt,
379 2648 536 2731 perueniri
569 2649 683 2732 possit,
711 2649 773 2713 nisi
801 2650 890 2732 prius
919 2647 1074 2713 credenda
1101 2647 1294 2727 credantur,

124 2753 285 2836 quomodo
310 2753 502 2819 credendum
526 2757 577 2819 est
600 2754 639 2832 ei,
664 2756 718 2838 qui
736 2758 831 2837 putat
849 2754 1016 2837 aliquando
1036 2774 1106 2819 esse
1125 2754 1279 2820 mentien-

125 2861 215 2935 dum,
247 2878 287 2924 na
318 2861 400 2925 torte
432 2863 465 2925 et
495 2864 572 2925 tunc
602 2862 786 2939 mentiatur,
819 2880 891 2925 oum
919 2861 1074 2945 praecipit
1101 2866 1137 2926 ut
1174 2860 1278 2925 creda-

121 2969 219 3031 mus?
240 2966 324 3031 unde
356 2967 440 3031 enim
463 2966 538 3032 sciri
564 2972 681 3050 potest,
705 2972 814 3033 utrum
838 2972 870 3033 et
893 2972 968 3033 tuno
992 2968 1110 3033 habeat
1134 2968 1276 3050 aliquam

124 3090 266 3152 causam,
295 3072 475 3156 sicutipse
502 3076 606 3155 putat,
635 3074 770 3140 officiosi
797 3074 964 3148 mendacii,
989 3059 1173 3139 existimans
1196 3072 1280 3137 falsu

75 3202 105 3242 2⁵
124 3178 304 3244 narratione
330 3180 490 3245 hominem
519 3180 665 3245 territum
692 3200 789 3265 posse
812 3200 830 3245 a
853 3181 984 3246 libidine
1013 3180 1152 3245 cohiberi
1181 3183 1278 3262 atque

123 3287 186 3352 hoc
217 3285 312 3350 modo
345 3287 441 3350 etiam
473 3286 512 3351 ad
546 3288 702 3371 spiritalia
734 3306 768 3353 se
797 3289 960 3354 consulere
989 3286 1166 3351 mentiendo
1195 3286 1276 3349 arhi-

123 3394 247 3457 tretur?
279 3411 342 3474 quo
375 3411 487 3477 genere
520 3392 659 3458 admisso
693 3397 788 3479 atque
817 3393 989 3477 adprobato
1018 3392 1119 3457 omnis
1149 3392 1277 3457 omnino

214 3636 284 3692 dcl.
305 3634 371 3692 Gen.
393 3636 435 3699 19,
454 3636 472 3691 8

158 3784 303 3839 2animus
321 3786 470 3855 appetattl
549 3786 738 3840 3m0hilitrte
759 3786 793 3855 βὸ
879 3787 1063 3856 4persruitur
1081 3785 1134 3840 ΒΕ
1203 3790 1277 3840 esset

122 3875 214 3928 iustus
231 3874 261 3927 Ε
331 3872 545 3928 diceminarom
563 3876 593 3929 Ε
662 3875 809 3944 8corpore
828 3876 858 3929 Ε
925 3876 957 3929 10
978 3876 1102 3944 cuiquam
1120 3875 1166 3929 uel
1184 3873 1276 3945 Ββγφ,

123 3962 183 4027 (uel
201 3977 223 4018 s.
243 3962 323 4029 l.)1s⁷
396 3962 462 4032 clio]
483 3962 575 4031 aliquo
593 3962 734 4033 Mamer?
809 3964 1013 4033 rodingum
1086 3966 1118 4018 14
1138 3963 1275 4017 conditio-

122 4066 186 4103 nem
205 4050 234 4105 Β
307 4052 340 4104 15
358 4051 412 4105 iam
431 4067 483 4105 om.
502 4052 541 4105 E¹
623 4052 784 4112 auctoritate
803 4050 843 4106 R²
917 4054 949 4107 16
968 4052 1136 4123 paenitusS
1207 4068 1277 4121 quos

123 4146 149 4205 (s
166 4156 228 4207 sup.
249 4138 277 4203 d)
298 4159 315 4210 φ
385 4140 418 4193 19
438 4156 507 4209 quae
526 4139 561 4193 sd
579 4137 761 4209 Intelligenda
780 4139 796 4208 β
851 4140 886 4195 20
905 4141 1045 4209 peruenire
1064 4142 1100 4195 M
1161 4141 1193 4195 21
1217 4156 1273 4195 cre·

122 4228 189 4283 dum
208 4227 242 4282 8¹
332 4229 368 4283 23
387 4230 469 4298 enisu]
490 4228 609 4297 etiamfi
699 4229 768 4283 scire
787 4228 817 4283 Ε
904 4230 939 4285 24
959 4234 986 4285 et
1005 4232 1099 4301 lpsep
1191 4232 1274 4285 aesli-

122 4334 201 4372 mans
220 4316 282 4372 ΒΕ1
302 4318 431 4371 estimans
450 4318 495 4386 Εβ
550 4320 583 4372 27
603 4318 729 4372 ammisso
747 4318 845 4374 Meu
