3109 4959
499 440 636 491 contra
663 437 904 493 mendacium
1206 440 1270 505 477

119 635 425 697 commemoraturus
450 635 509 709 est,
531 633 692 697 homiuem
715 633 838 716 inpium
861 638 894 699 et
917 633 1138 699 detestabilem
1162 638 1194 698 et
1216 653 1272 717 pro

119 739 189 803 suis
214 738 342 803 nefariis
367 739 540 805 sceleribus
565 738 814 822 criminibusque
839 740 1032 805 damnatum.
1061 739 1092 804 in
1118 760 1180 823 qua
1203 740 1272 805 eius

117 845 296 910 uenerabili
323 846 620 912 commemoratione
649 845 677 911 si
704 847 785 912 forte
812 847 877 923 illc,
906 846 958 911 cui
990 846 1070 911 retia
1099 847 1273 911 tenduntur

118 952 218 1016 huius
245 952 344 1029 modi,
371 952 482 1018 firmus
505 953 751 1019 Priscilliauistu
778 973 839 1019 uon
867 953 981 1031 fuerat,
1009 953 1068 1019 hac
1092 953 1161 1018 eius
1184 971 1271 1035 prae·

87 1059 279 1125 edicaticue
307 1059 492 1127 firmabitur.
529 1080 603 1125 cum
630 1064 738 1125 autem
762 1059 802 1125 ad
826 1064 928 1125 cetera
953 1060 1144 1143 explorantis
1168 1078 1270 1124 sermo

117 1167 312 1247 processerit
334 1171 366 1232 et
389 1166 522 1231 dicentis
547 1168 690 1233 misereri
713 1186 747 1232 se
771 1186 890 1245 eorum,
910 1186 990 1251 quoa
1013 1168 1111 1233 tantis
1132 1186 1271 1231 errorum

117 1273 259 1336 tenebris
296 1273 496 1337 tenebrarum
536 1276 645 1337 auctor
681 1272 865 1350 inuoluerit,
898 1276 936 1337 ut
967 1272 1118 1338 honorem
1150 1272 1272 1336 animae

118 1398 198 1443 sune
233 1381 265 1443 et
302 1379 479 1443 claritatem
517 1378 641 1444 diuinae
678 1380 845 1463 prosapiae
883 1397 944 1444 nou
982 1382 1164 1463 agnoscant,
1202 1382 1272 1443 tum

118 1486 234 1550 deiude
252 1485 384 1550 Dictinii
406 1484 535 1565 librum,
557 1486 648 1549 cuius
667 1504 781 1550 nomeu
802 1488 852 1549 est
868 1484 973 1562 Libra,
993 1504 1029 1551 eo
1049 1485 1134 1569 quod
1153 1491 1272 1569 petrac-

75 1616 99 1652 10
118 1593 199 1657 tatis
231 1590 399 1656 duodecim
431 1592 671 1674 quaestiouibus
703 1594 794 1657 uelut
827 1591 929 1656 unciis
963 1592 1146 1674 explicatur,
1173 1592 1272 1657 tantis

118 1698 271 1762 extulerit
286 1697 446 1773 laudibus,
466 1701 504 1761 ut
521 1699 617 1763 talem
632 1697 769 1776 Libram,
790 1716 852 1779 qua
871 1698 1042 1763 horrendae
1056 1698 1273 1781 blasphemiae

119 1804 331 1882 continentur,
359 1804 472 1869 multis
500 1804 651 1867 librarum
684 1804 753 1867 auri
787 1804 916 1869 milibus
949 1804 1169 1887 pretiosiorem
1203 1822 1273 1869 esse

118 1914 268 1986 testetur,
305 1930 418 1993 nempe
457 1910 534 1975 haec
571 1911 690 1975 astutia
725 1910 909 1976 mentientis
943 1911 1079 1975 animam
1118 1910 1272 1975 credentis

117 2017 272 2083 interdicit
302 2020 358 2081 aut
389 2018 451 2081 iam
484 2017 682 2082 interiectam
715 2017 747 2081 in
781 2017 889 2081 eadem
922 2019 1024 2083 morta
1052 2017 1209 2101 demergit
1237 2036 1272 2081 ac

73 2149 99 2187 ιε
119 2124 281 2205 deprimit.
319 2123 386 2201 sed,
413 2123 548 2205 inquies,
577 2128 690 2207 postea
715 2124 912 2189 liberabitur.
950 2124 1046 2207 quid?
1071 2125 1099 2188 si
1122 2142 1182 2188 uon
1206 2122 1271 2201 fiat,

119 2231 193 2294 siue
225 2231 332 2313 aliquo
355 2231 583 2294 interueniente
606 2230 833 2312 inpedimento,
858 2250 896 2295 ue
921 2235 1033 2314 coepta
1057 2232 1271 2313 conpleautur,

119 2339 193 2402 siue
226 2338 437 2402 obstinatione
470 2337 586 2401 mentis
618 2336 796 2402 haereticae
828 2356 939 2402 rursus
973 2338 1082 2402 eadem
1115 2336 1272 2421 negantis,

119 2442 249 2507 etiamsi
286 2442 393 2525 aliqua
427 2444 491 2507 iam
529 2449 675 2527 coeperet
713 2442 875 2509 confiteri?
907 2444 1093 2528 praesertim
1126 2444 1210 2527 quia,
1245 2443 1274 2505 si

120 2552 309 2634 cognouerit
336 2569 370 2615 se
399 2551 436 2615 ab
466 2550 567 2615 alieno
595 2550 696 2615 fuisse
724 2554 927 2634 temptatum,
956 2571 992 2615 eo
1020 2552 1090 2635 ipso
1120 2549 1272 2616 audacius

73 2683 101 2722 ao
120 2658 188 2733 illa,
218 2676 298 2740 quae
327 2658 435 2736 sentit,
465 2657 608 2722 studebit
636 2658 794 2722 occultare
823 2658 998 2735 mendacio,
1023 2659 1147 2741 quando
1171 2656 1204 2721 id
1227 2658 1272 2721 in·

120 2763 249 2845 culpate
266 2763 333 2827 lieri
351 2765 453 2828 multo
473 2763 591 2828 certius
612 2763 757 2829 didicerit
776 2765 871 2829 etiam
886 2765 989 2847 ipsius
1006 2764 1057 2828 sui
1071 2764 1272 2845 temptatoris

121 2870 276 2951 exemplo.
318 2870 378 2935 hoc
412 2871 528 2953 quippe
559 2870 591 2935 iu
624 2870 763 2948 homine,
798 2872 882 2953 quod
909 2871 1075 2936 ueritatem
1104 2870 1272 2953 tegendam

159 3183 418 3234 lcomruemoratuu
437 3180 538 3250 FLVss
646 3181 787 3235 hominum
810 3182 851 3235 eb
940 3181 1211 3235 dcdmemoratione
1232 3180 1273 3235 Cb

121 3270 238 3323 dhuina
261 3269 346 3338 modi]
372 3270 418 3339 qui
441 3287 526 3339 unque
550 3270 630 3324 modo
654 3274 683 3339 (q
707 3277 732 3324 ei
755 3287 807 3340 que
832 3270 898 3324 cdd.
924 3287 956 3325 m.
977 3274 1007 3334 2)
1030 3270 1056 3323 T
1073 3268 1209 3324 uiusmodi
1231 3269 1274 3323 Cb

121 3358 333 3428 prescilliauista
355 3358 381 3411 Τ
398 3358 589 3428 pristiliauista
609 3365 634 3425 (c
654 3360 702 3428 M)
720 3359 800 3413 MCb
873 3361 888 3412 5
909 3360 1011 3428 autern]
1031 3359 1082 3413 hoc
1106 3358 1144 3413 W
1227 3358 1273 3428 ad]

121 3445 240 3499 acam
261 3445 336 3500 deO
383 3448 581 3516 ttprocesrerit
600 3448 756 3503 om.RMO
826 3448 963 3502 misereris
978 3447 1033 3503 BP
1104 3464 1133 3501 se
1151 3447 1275 3501 cm.RP

122 3535 200 3605 qnos]
225 3540 288 3605 post
310 3536 378 3589 Tot
485 3539 564 3589 tantu
583 3537 611 3589 P
719 3539 838 3591 iactor
862 3537 888 3590 V
988 3536 1143 3591 8diuiuae
1168 3551 1220 3590 om.
1247 3535 1274 3587 P

121 3624 263 3693 prosapiae
290 3622 356 3677 ΗΜ
381 3624 566 3694 prosapientia
592 3625 620 3677 P
734 3629 887 3695 agnoscunt
916 3625 995 3679 Cim
1108 3629 1173 3680 tuuc
1206 3624 1274 3678 Ten

122 3710 273 3780 9dictynii
296 3711 415 3767 WRTP
432 3712 538 3765 dictuni
562 3711 588 3764 V
639 3712 762 3784 libraqp
820 3714 962 3783 pertractis
986 3712 1025 3766 W
1077 3714 1111 3767 10
1130 3712 1189 3767 uel*
1203 3718 1232 3766 et
1249 3712 1275 3765 T

121 3799 210 3853 ueluti
234 3798 261 3851 V
365 3800 441 3853 nucis
463 3799 599 3853 Cunicua
618 3800 764 3854 Picenis
787 3801 813 3853 Τ
903 3801 933 3854 11
953 3800 1087 3872 librumq
1186 3818 1272 3871 quoq

124 3890 156 3941 12
176 3888 381 3957 praetiosiorem
399 3888 446 3959 Rq
466 3890 610 3958 pretiosior
632 3888 821 3959 Tpreciosior
843 3888 883 3943 Ob
939 3890 972 3943 14
992 3888 1137 3959 eandemq
1201 3906 1272 3943 mor-

122 3985 178 4030 tem
198 3976 242 4047 Rq
315 3977 444 4047 deprimit
462 3995 493 4033 ac
512 3978 683 4048 demergitr't
754 3979 855 4034 hacT
908 3981 940 4033 16
960 3980 1029 4049 siue]
1050 3984 1097 4033 aut
1116 3980 1142 4034 V
1194 3984 1272 4049 cepta

122 4066 237 4136 130qu
293 4067 325 4120 17
345 4066 374 4119 in
394 4067 626 4121 obstinationeT
695 4068 727 4122 l8
746 4068 866 4137 aliquam
884 4068 945 4121 Mc
1016 4072 1123 4137 ceperat
1145 4067 1213 4122 Tot
1232 4084 1273 4122 ce·

122 4158 220 4223 perant
244 4154 271 4207 V
321 4156 480 4225 praesertim
500 4173 550 4209 cm.
576 4157 601 4208 V
651 4158 683 4212 19
703 4157 756 4211 ulie
776 4174 830 4210 uon
849 4158 885 4211 M
903 4158 990 4211 alieno
1010 4157 1109 4211 nouO
1158 4158 1192 4211 20
1211 4158 1271 4227 illa]

124 4260 188 4315 eaq
286 4244 395 4297 sentitis
417 4245 478 4299 ΤΜ
566 4245 594 4298 id
615 4246 714 4303 om.V
804 4248 838 4300 22
858 4247 978 4316 exemplo
999 4252 1064 4300 ante
1082 4247 1168 4316 ipsius
1187 4247 1219 4299 in
1238 4246 1275 4299 bd

125 4332 248 4401 exemplu
271 4331 350 4385 Tele
423 4332 506 4403 quod]
527 4334 617 4403 quoad
641 4333 667 4386 V
684 4335 730 4404 qui
750 4334 787 4388 td
