3109 4959
290 474 355 538 498
648 470 674 525 S.
702 469 838 525 Aureli
867 468 1083 539 Augustini

291 664 407 747 quibus
432 663 578 728 uideamr
605 662 728 745 peccari
757 662 877 745 potins,
902 661 1012 725 sinon
1038 660 1123 725 fiant.
1153 662 1186 725 ot
1207 662 1376 745 praecipue
1401 662 1441 727 dc

289 770 463 835 mendaciis
496 770 556 834 hoc
588 770 620 833 in
652 768 817 833 hominum
850 767 996 851 opinione
1023 766 1211 850 praeualuit,
1241 772 1279 833 nt
1310 774 1441 853 peccata

290 896 350 942 non
381 878 534 959 putentur
561 875 618 938 illa
643 874 818 953 mendacia,
848 874 922 957 quin
950 874 1049 939 immo
1077 878 1109 938 ct
1135 876 1222 939 recto
1250 875 1337 939 facta
1368 895 1440 941 esse

291 983 467 1059 credantur,
492 982 615 1063 quando
640 980 775 1065 quisque
802 999 858 1063 pro
891 980 960 1045 eius
984 980 1034 1045 oui
1058 980 1127 1045 falli
1150 979 1278 1063 expedit
1300 982 1442 1047 utilitate

291 1089 453 1165 mentitur,
477 1093 533 1152 ani
555 1108 593 1152 ne
618 1088 690 1153 aliis
709 1091 831 1165 noceat,
853 1087 906 1169 qui
926 1088 1090 1153 nociturus
1109 1086 1248 1158 uidetur,
1269 1087 1330 1153 nisi
1354 1108 1441 1153 men·
1471 1114 1482 1151 s

290 1196 390 1260 duciis
414 1195 562 1259 enitatur.
587 1194 627 1258 ad
650 1193 728 1258 haec
751 1193 988 1258 mendaciorum
1013 1212 1128 1277 genera
1151 1192 1350 1259 defendenda
1372 1194 1440 1277 pln-

290 1304 370 1367 rr'ma
393 1301 432 1366 de
456 1301 622 1384 scripturis
656 1300 775 1365 sanctis
809 1298 974 1384 suffragari
1006 1302 1159 1382 putantur
1192 1300 1347 1382 exempla.
1381 1321 1440 1365 non

291 1412 397 1473 antem
421 1408 482 1472 hoc
505 1410 556 1472 est
579 1407 739 1473 occultare
762 1407 942 1485 ueritatem,
967 1408 1052 1489 quod
1076 1410 1126 1471 est
1152 1406 1291 1490 proferre
1314 1406 1442 1472 menda-

290 1514 384 1579 cium.
418 1514 566 1596 quamuis
600 1514 682 1578 enim
716 1514 820 1578 omnis
849 1514 903 1596 qui
932 1514 1085 1578 mentitur
1112 1513 1194 1577 uelit
1221 1514 1325 1577 celare
1356 1512 1440 1597 qnod

290 1640 402 1685 nerum
426 1627 487 1698 est,
510 1639 572 1686 non
596 1623 701 1685 tamen
721 1619 835 1697 omnis,
856 1620 912 1702 qni
931 1620 1003 1685 nuli
1021 1619 1104 1703 quod
1125 1640 1237 1686 uerum
1257 1623 1308 1686 est
1328 1620 1440 1697 celare,
1459 1646 1481 1685 a

290 1726 451 1793 mentitur.
476 1727 663 1811 plerumque
687 1726 771 1791 enim
795 1745 871 1790 nera
893 1745 954 1791 non
972 1726 1152 1791 mentiendo
1173 1726 1364 1793 occulimus.
1385 1726 1442 1790 sed

290 1834 434 1901 tacendo.
463 1853 565 1917 neque
594 1832 677 1897 enim
705 1833 860 1897 mentitus
885 1836 935 1897 esi
959 1832 1116 1909 dominns,
1141 1833 1195 1896 ribi
1220 1832 1280 1897 aii:
1311 1834 1441 1897 multa

291 1940 417 2005 habco
446 1940 565 2005 nobis
595 1940 743 2016 dicere,
769 1937 836 2002 sed
865 1957 939 2004 non
969 1938 1152 2021 potestis
1176 1938 1251 2003 ilia
1274 1942 1440 2020 portare

290 2046 413 2113 modo.
442 2066 519 2111 uera
540 2046 652 2120 mouit,
675 2064 737 2109 non
760 2045 842 2109 {alsa
864 2046 992 2109 locutus
1016 2048 1076 2121 cst,
1101 2044 1217 2127 quibus
1241 2046 1328 2110 neris
1353 2046 1440 2111 audi·

290 2152 378 2217 endis
403 2172 457 2217 eos
480 2153 585 2217 minus
609 2152 741 2216 idoneos
764 2150 929 2217 iudicauit.
954 2150 1069 2232 quodsi
1093 2150 1138 2215 cis
1163 2152 1223 2215 hoc
1245 2152 1355 2235 ipsum
1378 2170 1441 2216 non
1460 2176 1481 2216 a

290 2259 473 2336 indicasset,
498 2258 605 2323 idest
632 2276 694 2323 non
723 2277 777 2323 eos
807 2275 901 2341 posse
930 2260 1064 2341 portare,
1091 2276 1170 2339 quae
1194 2256 1299 2323 dicere
1325 2258 1441 2325 noluit.
1551 2280 1552 2283 ¹

290 2366 465 2431 occultaret
488 2363 615 2446 quidem
638 2363 846 2428 nihilominus
871 2362 991 2445 aliquid
1014 2363 1171 2441 ueritatis,
1191 2363 1245 2428 sed
1265 2382 1361 2447 posse
1381 2366 1442 2429 hoc

289 2477 374 2539 recte
411 2471 478 2535 fieri
516 2471 647 2535 forsitan
684 2470 880 2535 nesciremus
918 2472 975 2533 aut
1010 2488 1070 2535 nou
1113 2473 1201 2535 tanto
1243 2469 1443 2535 firmaremur

291 2580 443 2660 exemplo.
473 2578 557 2643 nnde
585 2579 640 2660 qui
670 2581 816 2643 asserum
839 2596 909 2642 csse
934 2576 1102 2659 aliquando
1125 2578 1357 2653 mentiendum,
1382 2598 1441 2643 non

291 2685 514 2763 conuenienter
547 2687 795 2750 commemorant
826 2684 985 2749 Abraham
1018 2684 1077 2748 hoc
1112 2682 1225 2749 fecisse
1259 2684 1296 2748 de
1337 2684 1441 2760 Sana,
1459 2710 1481 2749 a
1550 2692 1551 2695 ’

291 2810 386 2874 quam
410 2810 549 2856 sororem
574 2810 665 2857 suam
685 2790 774 2855 dixit.
798 2809 859 2855 non
884 2790 968 2855 enim
992 2788 1083 2855 dixit:
1107 2808 1168 2854 non
1189 2792 1239 2853 cst
1257 2808 1336 2855 uror
1361 2810 1441 2867 mea,

292 2898 348 2963 sed
372 2898 466 2963 dixit:
491 2916 604 2962 soror
630 2917 714 2962 mea
743 2900 816 2974 esi,
842 2895 927 2979 quod
951 2900 1017 2961 urai
1039 2914 1151 2960 reuera
1173 2898 1240 2961 iam
1262 2898 1443 2981 propinqua

291 3024 413 3088 genere,
440 3008 476 3067 ni
499 3022 588 3068 soror
609 3024 671 3069 uon
691 3003 887 3069 mendaciter
906 3003 1071 3067 diceretur.
1092 3002 1175 3084 quod
1195 3008 1227 3066 et
1245 3008 1361 3087 postca
1379 3004 1442 3067 iam
1549 3084 1550 3089 ἵ

292 3110 353 3175 sibi
377 3110 415 3175 ab
439 3110 494 3174 illo
524 3110 578 3192 qui
606 3109 781 3174 abduxerat
802 3129 839 3174 ea
861 3109 986 3174 reddita
1014 3108 1222 3185 confirmauit,
1247 3110 1442 3193 respondens

292 3215 342 3279 1111
365 3217 398 3279 ot
421 3215 543 3280 dicens:
569 3219 608 3280 ei
631 3234 725 3280 nere
749 3234 863 3281 soror
886 3234 971 3280 mea
994 3217 1056 3279 esi
1079 3215 1273 3298 donatus,
1297 3234 1372 3280 non
1399 3216 1443 3279 de
1461 3244 1481 3281 a·

381 3371 451 3428 ius.
472 3370 583 3437 Quaeso.
603 3372 636 3426 de
654 3372 718 3426 Lou.
738 3372 853 3425 LXVIII
923 3372 1151 3438 121011,16,12
1219 3374 1254 3425 22
1276 3370 1444 3439 Gen.‘20‚‘.³
1548 3416 1549 3421 ,

292 3462 477 3524 disisam.
499 3464 531 3516 12

330 3571 341 3621 l
362 3568 467 3622 hoedo
487 3568 631 3621 mendaciis
651 3568 667 3637 β
758 3570 774 3621 2
794 3570 821 3621 in
842 3574 908 3621 crete
927 3568 1053 3638 opinione
1072 3568 1104 3621 iu
1123 3570 1139 3638 β
1249 3569 1400 3639 oppinione
1424 3570 1448 3623 T

292 3657 446 3727 ¹iquisque]
463 3657 522 3725 quis
537 3678 552 3729 γ
608 3659 691 3726 5quo
709 3656 735 3709 T
788 3656 861 3710 Sosi
876 3656 924 3709 alc.
940 3672 990 3709 om.
1010 3656 1036 3709 T
1083 3655 1193 3709 duellii
1210 3655 1278 3709 Tou
1334 3657 1442 3727 quod—

292 3746 380 3799 celare
398 3763 450 3803 om.
468 3744 496 3798 R
589 3746 622 3799 10
640 3745 702 3799 uult
720 3744 807 3798 celare
827 3743 900 3814 qnod
919 3748 960 3797 ost
979 3760 1070 3798 uerum
1089 3762 1105 3813 γ
1189 3744 1218 3797 11
1241 3744 1414 3800 occultamus
1432 3768 1445 3817 γ

295 3836 326 3887 13
346 3834 462 3888 illaom.
487 3834 528 3905 Τφ
599 3836 632 3887 14
651 3850 704 3887 non
723 3834 811 3903 σηιβ
883 3832 1061 3903 loquutusT
1124 3835 1157 3887 15
1176 3832 1304 3887 id·oneos
1325 3832 1366 3887 cu
1388 3834 1446 3889 ido·
1547 3874 1548 3877 ,

292 3940 359 3976 neus
379 3920 408 3993 9¹
489 3921 700 3977 iudicabatFL
786 3920 925 3991 quidsiV
998 3922 1030 3975 16
1050 3938 1168 3975 coenon
1191 3918 1233 3986 Ῡβ
1315 3938 1386 3991 pose
1409 3924 1446 3977 Clo
1547 3900 1548 3945 ¹

295 4014 327 4065 l'i'
347 4012 481 4065 occultare
505 4011 555 4079 Vei
638 4010 759 4081 quidem]
778 4014 905 4077 tamena
986 4009 1182 4064 nihilhominus
1199 4010 1228 4064 R
1305 4010 1355 4065 sed
1375 4030 1447 4083 cry

292 4104 365 4154 recte
384 4099 435 4153 hoc
454 4098 470 4165 β
527 4102 559 4153 19
578 4098 756 4162 uude-499,
775 4104 813 4152 17
830 4100 979 4169 nuncupari
997 4116 1048 4156 ocu.
1073 4099 1097 4149 V
1151 4098 1297 4169 aliquando
1316 4115 1379 4154 esse
1396 4100 1450 4167 {aad

293 4188 328 4242 20
347 4204 408 4241 sara
430 4186 591 4257 wasme
680 4190 715 4241 22
735 4187 803 4241 dixit
822 4188 911 4259 ονη.β
997 4204 1085 4241 sorror
1106 4186 1145 4241 Cir
1236 4204 1330 4241 reuera
1351 4190 1448 4256 erats:

293 4276 444 4346 propinquo
463 4275 518 4329 FL
607 4278 642 4330 24
661 4277 723 4346 sibi]
744 4278 767 4329 si
791 4278 882 4333 Tom.
905 4277 945 4331 Ch
1036 4276 1216 4345 confirmauit]
1238 4280 1336 4329 cuncta
1357 4278 1448 4331 finna-
1546 4282 1547 4297 ¹

293 4364 380 4417 bitO
434 4366 468 4417 25
487 4365 599 4433 uerac¹
673 4369 700 4417 et
719 4383 772 4419 uon
792 4384 807 4435 γ
