3109 4959
287 396 352 459 624
645 391 672 444 S.
700 389 837 442 Aureli
865 387 1083 458 Augustini

206 601 208 607 '
284 588 432 673 precibus
456 585 629 652 sacerdotis
653 601 733 666 quae
758 583 884 648 domino
904 583 961 647 deo
982 581 1021 647 ad
1041 582 1110 647 cius
1134 581 1234 646 altare
1259 582 1442 648 funduntur

285 696 393 762 locum
417 713 512 758 suum
535 690 631 755 babet
655 691 750 754 etiam
775 688 1007 755 commendatio
1031 692 1241 754 mortuorum.

330 803 371 866 11.
406 799 468 866 Sed
491 802 599 864 utrum
624 797 743 880 aliquid
766 796 869 879 prosit
891 795 1015 859 animae
1038 795 1156 859 mortui
1178 795 1269 860 locus
1294 797 1443 877 corporis

286 909 364 986 sui„
382 906 546 989 operosius
577 902 802 986 inquirendum
835 905 896 967 est.
930 919 966 965 ac
998 902 1136 985 primum
1168 906 1277 966 utrum
1310 903 1445 968 intersit

286 1013 407 1097 aliquid
426 1013 465 1078 ad
484 1011 677 1076 inferendam
695 1011 748 1074 uel
767 1009 944 1092 augendum
963 1008 1124 1073 miseriam
1143 1009 1316 1090 posthanc
1335 1009 1444 1074 uitam
1469 1029 1481 1067 ε

286 1120 452 1202 spiritibus
483 1119 659 1194 hominum,
693 1117 720 1181 si
753 1135 861 1181 eorum
895 1134 1026 1198 corpora
1057 1115 1184 1197 sepulta
1214 1134 1273 1180 non
1307 1115 1444 1192 luerint,

287 1246 348 1292 non
387 1226 561 1291 secundum
599 1223 776 1308 opinionem
815 1229 989 1306 utcumque
1025 1222 1202 1306 uulgatum,
1239 1222 1296 1287 sed
1325 1224 1444 1306 potius

288 1334 463 1398 secundum
500 1331 664 1415 religionis
702 1334 829 1394 nostrae
867 1348 972 1395 sacras
1008 1329 1133 1394 litteras
1169 1334 1220 1394 eet
1250 1329 1445 1394 uidendum.

287 1459 390 1521 neque
429 1439 512 1503 enim
551 1437 742 1502 credendum
777 1440 838 1514 est,
876 1436 960 1501 sicut
997 1435 1080 1517 apud
1112 1437 1275 1500 Maronem
1306 1437 1445 1521 legitur,

286 1545 465 1628 insepultos
498 1544 676 1629 nauigando
711 1545 807 1627 atque
840 1543 1031 1608 transeundo
1062 1543 1182 1608 inferno
1213 1562 1304 1607 amne
1331 1543 1485 1626 probi-10

288 1651 366 1729 beri,
392 1651 466 1733 quia
489 1651 613 1716 scilicet

374 1813 437 1855 nec
460 1795 556 1869 ripas
581 1796 686 1854 datur
708 1796 903 1854 horrendae
927 1797 962 1854 et
982 1812 1089 1854 rauca
1111 1795 1250 1853 fluenta

374 1887 619 1960 transportare
642 1884 751 1959 prius,
776 1902 876 1958 quam
900 1885 1045 1944 sedibus
1068 1901 1150 1944 ossa
1173 1884 1353 1958 quierunt

290 2024 361 2106 quie
394 2042 448 2087 cor
480 2021 687 2086 christianum
721 2021 852 2087 inclinet
883 2022 933 2087 bis
964 2021 1099 2106 poeticis
1128 2021 1351 2105 fabulosisque
1382 2022 1443 2107 fig-

288 2131 414 2204 mentis,
448 2148 521 2194 cum
545 2128 691 2194 dominus
714 2129 817 2208 lesus,
845 2131 884 2194 ut
900 2129 983 2194 inter
1004 2149 1117 2194 manus
1140 2129 1354 2208 inimicorum,
1385 2131 1442 2213 qui
1461 2159 1484 2197 ιε

290 2256 397 2302 eorum
423 2255 553 2320 corpora
574 2235 606 2299 in
630 2238 790 2319 potestate
808 2235 968 2312 baberent,
993 2237 1097 2301 securi
1116 2237 1343 2302 occumberent
1361 2237 1443 2302 cbri-

290 2343 394 2422 stiani‚
427 2361 485 2407 nec
516 2340 667 2425 capillum
691 2341 804 2424 capitis
829 2360 938 2407 eorum
962 2342 1088 2407 adserat
1109 2343 1298 2426 periturum,
1332 2344 1442 2407 exhor-

289 2453 360 2514 tans
385 2468 422 2513 nc
446 2449 579 2513 timeant
602 2467 666 2524 eos,
696 2447 750 2529 qui
775 2467 848 2512 cum
872 2468 986 2531 corpus
1010 2449 1191 2526 occiderint,
1215 2449 1355 2531 emplius
1378 2469 1442 2514 nou

290 2553 408 2619 hebent
440 2554 516 2638 quid
543 2554 681 2620 faciant?
714 2555 798 2619 unde
830 2554 863 2619 in
896 2555 996 2638 pn'mo
1029 2554 1110 2621 libro
1141 2555 1179 2620 de
1202 2555 1355 2621 ‘Ciuitate
1380 2557 1444 2620 dei'

291 2662 380 2741 satis,
416 2664 568 2744 quantum
592 2661 748 2740 existimo,
782 2681 855 2727 sum
876 2663 1016 2741 locutus,
1047 2667 1085 2728 ut
1109 2682 1216 2727 eorum
1241 2663 1373 2728 dentem
1394 2683 1443 2728 rc·
1459 2691 1483 2730 s

290 2769 465 2848 tunderem,
499 2770 553 2851 qui
581 2769 776 2833 barbaricam
800 2769 996 2851 uastitatem,
1028 2769 1197 2854 praecipue
1221 2788 1317 2852 quam
1341 2789 1443 2853 nuper

290 2875 392 2940 Roma
423 2893 575 2959 perpessa
607 2877 666 2954 est,
700 2875 881 2941 christianis
913 2875 1112 2960 temporibus
1142 2875 1319 2958 inputando
1344 2877 1441 2940 etiam

382 3113 415 3167 12
433 3113 515 3183 Verg.
533 3112 601 3168 Aen,
621 3114 645 3176 6,
666 3112 727 3168 321.
747 3113 801 3168 328

329 3235 503 3305 lpraecibus
521 3234 574 3306 Μφ
649 3236 758 3308 quodp
832 3237 917 3291 altare
937 3237 1030 3306 elusit
1116 3239 1238 3308 3prosit
1257 3239 1366 3309 aliquid
1383 3241 1446 3295 NV

291 3323 465 3394 aliquidem.
485 3324 512 3378 B
584 3324 646 3378 locu
660 3309 692 3378 ‘T
709 3325 763 3380 loci
786 3325 815 3379 Y
878 3326 1065 3396 loperiosius
1089 3326 1157 3381 Vos
1228 3329 1337 3399 aliquid
1355 3331 1444 3385 iuter·

290 3413 375 3466 eitT
427 3412 604 3467 5inlerenda
625 3413 654 3466 Y
669 3413 842 3468 auferendam
861 3414 892 3467 F
960 3415 1116 3487 augendae
1167 3417 1282 3471 8sacris
1296 3418 1319 3486 (i
1331 3434 1355 3472 a.
1372 3421 1446 3486 alli

289 3502 390 3556 littoris
408 3501 440 3556 Κ
480 3503 582 3571 taput
604 3502 630 3555 T
665 3503 698 3556 10
716 3503 853 3572 insepulta
872 3520 970 3573 ossap
1026 3504 1215 3574 auauigendo
1234 3505 1446 3578 Nummos

291 3589 460 3660 nauigandoe
479 3591 516 3644 M
621 3591 719 3644 inferni
738 3591 814 3645 ΙΖΕ
909 3592 997 3663 amne]
1017 3581 1061 3647 {re
1079 3593 1104 3647 V
1121 3596 1252 3649 ammei
1267 3612 1340 3650 aune
1359 3597 1446 3652 ΙΡΒι

293 3681 323 3734 11
344 3679 424 3734 scilet
441 3678 470 3732 Y
506 3680 538 3732 12
557 3679 596 3748 et]
616 3695 667 3732 nec
681 3679 718 3732 bd
756 3679 788 3733 13
808 3681 961 3749 quieuerint
974 3681 1117 3736 NBEFV
1134 3684 1299 3752 quieuerunt
1314 3683 1446 3740 men

292 3768 410 3837 quierint
425 3767 460 3839 βφ
480 3768 558 3836 quiet
580 3768 638 3834 (sed
657 3776 671 3822 r
692 3785 752 3837 exp.
772 3774 798 3822 ct
815 3769 872 3823 rint
888 3775 1045 3838 suprapoc.)
1059 3769 1093 3824 K
1105 3771 1260 3841 quieuerint
1271 3771 1312 3826 Μ
1348 3775 1446 3828 14001

287 3863 352 3925 post
373 3856 487 3910 inclinet
509 3872 531 3910 e.
551 3857 569 3910 l.
588 3873 622 3912 m.
642 3860 663 3910 2
680 3859 714 3920 A.
735 3874 786 3911 om.
808 3858 850 3912 Oh
956 3858 1010 3912 biis
1036 3858 1062 3912 V
1167 3863 1249 3930 atque
1267 3860 1445 3931 fabulosis?

293 3947 325 3998 15
339 3948 371 3997 ut
382 3961 433 3998 om.
448 3945 538 4001 ΒΜΔ
610 3946 781 4000 inimicorum
794 3965 890 4000 manus
905 3947 943 4002 od
992 3948 1026 4002 16
1038 3951 1070 4003 ut
1084 3949 1172 4003 securi
1185 3948 1302 4015 Buca,
1319 3953 1354 4018 (a.
1369 3953 1444 4020 L)A

294 4034 325 4087 17
345 4034 478 4105 asseritp
552 4037 676 4088 exortans
699 4035 956 4106 Tmaurrepob
1011 4037 1044 4092 18
1062 4036 1158 4102 uch
1228 4043 1446 4106 θοι-621122

292 4121 459 4175 sustulerunt
477 4139 528 4176 om.
553 4123 581 4176 Y
651 4139 710 4177 cunr
729 4139 819 4195 orep
907 4127 940 4180 19
958 4124 1078 4180 babeant
1100 4125 1127 4180 V
1197 4127 1270 4196 quod
1287 4127 1339 4198 Νφ
1412 4133 1443 4184 iu

292 4225 343 4268 om.
367 4209 407 4262 Ob
461 4212 495 4266 20
515 4213 657 4281 quantum]
678 4217 710 4267 ut
727 4229 747 4270 e.
769 4215 787 4268 l.
806 4213 840 4267 N
890 4215 922 4268 21
944 4231 1012 4283 quae
1031 4217 1174 4286 praecipue
1191 4215 1230 4270 Μ
1281 4219 1442 4289 praecipue}

292 4297 392 4365 pbuere
413 4301 480 4366 (exp.
500 4316 534 4353 m.
555 4300 584 4370 2)
604 4302 639 4366 A,
659 4319 709 4358 om.
732 4303 772 4356 Cb
845 4320 924 4372 quam
943 4321 995 4358 om.
1012 4303 1051 4358 M
