3109 4959
279 420 342 483 158
626 414 652 471 S.
681 416 819 470 Aureli
846 414 1066 485 Augustini

275 610 566 694 incomparabiliter
602 611 704 676 bonus
742 614 802 688 est,
840 608 1094 675 contaminabilis
1136 614 1170 676 et
1210 610 1426 693 comuptibilis

276 719 435 783 creditur?

322 826 375 891 VI.
401 826 452 889 15.
477 822 559 890 Sunt
581 827 613 889 et
636 823 679 900 hi,
704 824 759 907 qui
783 842 820 889 eo
839 823 934 889 modo
952 823 984 887 in
1005 825 1207 890 excusatione
1224 828 1428 908 peccatorum

278 952 408 997 suorum
433 934 584 997 accusant
607 931 712 1008 deum,
738 934 775 995 ut
798 930 907 995 dicant
930 930 958 995 ei
982 930 1106 1015 placere
1129 936 1270 1014 peccatu.
1303 951 1377 997 nam
1400 933 1430 997 si

277 1040 492 1123 displicerent,
524 1036 682 1120 inquiunt,
715 1037 803 1101 nullo
835 1036 930 1102 modo
959 1055 996 1101 ea
1022 1036 1091 1102 fieri
1118 1039 1470 1121 omnipotentissimae

276 1147 387 1228 utique
409 1147 570 1227 potestate
593 1143 803 1228 permitteret.
827 1144 920 1226 quasi
942 1162 1018 1209 nero
1042 1144 1187 1227 inpunita
1208 1148 1341 1226 peccata
1358 1165 1429 1211 esse

276 1251 457 1335 permiserit
475 1250 571 1315 etiam
590 1250 621 1315 in
641 1250 699 1329 eis,
715 1270 796 1333 quos
815 1269 833 1314 a
852 1251 1008 1333 supplicio
1029 1250 1221 1334 sempiterno
1241 1250 1429 1317 remissione

276 1359 391 1423 liberat
421 1361 634 1441 peccatorum.
673 1358 781 1422 nullus
814 1358 931 1443 quippe
964 1356 1090 1423 debitae
1122 1356 1277 1443 grauioris
1310 1378 1430 1441 poenae

278 1465 396 1547 accipit
417 1464 554 1543 ueniam,
578 1464 641 1529 nisi
659 1465 935 1547 qualemcumque,
955 1464 1017 1530 etsi
1040 1465 1133 1549 longe
1156 1464 1309 1531 minorem
1334 1484 1431 1548 quam

278 1572 422 1652 debebat,
442 1572 577 1637 soluerit
599 1590 746 1655 poenam:
772 1575 869 1655 utque
891 1572 938 1638 itu
959 1573 1130 1657 inpertitur
1150 1573 1283 1658 largitas
1306 1572 1430 1638 miscri-
1449 1596 1473 1637 so

278 1679 412 1757 cordiae,
436 1682 557 1743 utnon
581 1678 778 1760 relinquatur
801 1679 898 1743 etiam
921 1679 1048 1745 iustitie
1070 1679 1267 1761 disciplinae.
1298 1698 1373 1743 nam
1397 1682 1432 1743 et

276 1788 454 1868 peccatum,
484 1784 569 1867 quod
598 1784 737 1850 inultum
766 1784 904 1864 uidetur,
932 1784 1030 1851 habet
1055 1784 1262 1869 pedisequam
1293 1804 1430 1867 poenam

278 1912 380 1974 suam,
403 1895 441 1957 ut
467 1910 559 1957 nemo
589 1891 627 1957 de
656 1890 797 1957 admisso
826 1890 890 1957 nisi
917 1894 974 1956 aut
1001 1891 1211 1957 amaritudine
1240 1890 1347 1957 doleat
1373 1896 1432 1959 ant
1544 1915 1545 1944 r

279 1998 432 2064 coecitate
460 2016 522 2062 non
552 1996 667 2063 doleat.
700 1996 787 2062 sicut
814 2016 889 2081 ergo
912 2000 949 2063 tu
973 1996 1068 2063 dicis:
1097 2016 1154 2062 cnr
1175 1998 1333 2081 permittit
1355 1998 1430 2074 ista,
1544 1981 1545 2042 l

278 2107 306 2171 si
330 2105 519 2188 displicent?
542 2104 589 2169 ita
612 2122 671 2187 ego
696 2103 781 2169 dico:
806 2123 863 2169 cur
884 2105 977 2187 punit
998 2106 1072 2181 istu,
1092 2104 1120 2169 si
1143 2106 1291 2187 placent?
1314 2123 1351 2169 ac
1373 2124 1433 2188 per
1449 2128 1473 2169 u

277 2212 337 2277 hoo
365 2212 450 2276 siout
478 2228 537 2295 ego
567 2209 728 2288 confiteor,
758 2210 844 2293 quod
872 2210 998 2277 omnino
1026 2210 1089 2277 ista
1120 2229 1183 2277 non
1215 2210 1337 2289 fierent,
1365 2210 1431 2277 uisi

278 2318 316 2383 ab
346 2318 561 2401 omnipotente
588 2316 857 2399 permitterentur,
880 2316 926 2381 ita
952 2321 989 2381 tu
1018 2316 1168 2383 confitere
1194 2317 1340 2382 facienda
1365 2335 1430 2382 nou

278 2444 359 2502 esse,
392 2442 473 2507 quse
507 2442 525 2487 a
556 2422 642 2488 iusto
675 2422 858 2507 puniantur,
891 2427 930 2489 ut
962 2442 1023 2489 uon
1056 2422 1200 2489 faciendo
1228 2443 1309 2506 quae
1335 2424 1433 2507 punit

277 2550 454 2595 mereamur
477 2530 515 2594 ab
539 2548 576 2595 eo
601 2530 722 2595 discere
746 2548 803 2595 cur
824 2530 982 2614 permittit
1004 2549 1075 2595 esse
1099 2549 1179 2611 quae
1202 2530 1324 2613 puniet.
1347 2548 1432 2613 per·

277 2638 480 2701 lectorum
509 2638 572 2700 est
601 2636 696 2712 enim,
720 2636 807 2702 siout
833 2637 988 2718 scriptum
1017 2639 1077 2713 est,
1107 2636 1270 2703 solidus
1298 2635 1473 2714 cibuseo

276 2743 308 2807 in
332 2760 393 2825 quo
417 2742 461 2820 hi,
482 2742 535 2824 qui
554 2742 632 2807 bene
652 2742 863 2825 proiecerunt,
881 2742 945 2808 iam
963 2743 1156 2828 intellegunt
1173 2743 1214 2807 ad
1232 2744 1431 2826 omnipoten-

277 2849 355 2913 tiam
379 2849 431 2912 dai
453 2850 561 2933 potius
585 2848 619 2914 id
640 2848 901 2932 pertinuissent
924 2868 961 2913 er
982 2849 1081 2915 libero
1101 2848 1230 2915 arbitrio
1249 2849 1431 2915 uoluntatis

276 2955 436 3021 uenientia
463 2956 547 3020 mala
574 2974 644 3020 esse
672 2955 880 3038 permitteret.
912 2958 978 3021 tam
1006 2955 1123 3040 quippe
1152 2960 1203 3020 est
1225 2956 1429 3038 omnipotens

275 3061 400 3127 bonitas
435 3060 515 3140 eius,
547 3062 586 3127 ut
617 3062 713 3127 etiam
746 3061 784 3127 de
820 3062 914 3127 malis
951 3062 1056 3144 possit
1091 3063 1195 3128 facere
1231 3061 1324 3141 bona,
1357 3062 1430 3127 siue
1543 3121 1544 3162 3

366 3306 398 3359 19
417 3306 500 3361 Hebr.
520 3307 545 3370 5,
565 3307 599 3360 14

312 3432 389 3485 lest
406 3448 457 3484 om.
478 3430 520 3483 Cb
538 3446 574 3485 er.
593 3430 625 3484 in
642 3431 670 3483 A
752 3430 954 3496 commutabilis
973 3428 1241 3485 contaminabilisT
1320 3433 1349 3483 et
1366 3445 1428 3483 cor·

275 3520 413 3591 ruptibilis
431 3521 464 3575 in
482 3536 532 3590 my.
552 3538 586 3583 rra.
606 3524 626 3574 2
647 3520 673 3574 Τ
707 3519 928 3575 obtruncet
946 3519 994 3573 ulii
1011 3519 1191 3575 onmtd
1242 3520 1271 3573 in
1290 3536 1327 3575 er.
1345 3520 1377 3573 ira
1395 3520 1428 3575 D

275 3609 446 3663 excusatione
464 3608 492 3665 R
555 3610 634 3678 tut]
655 3612 684 3662 et
704 3607 728 3661 Ο
780 3610 797 3663 6
817 3608 883 3662 deus
900 3607 1037 3677 impunita
1054 3610 1168 3678 peccata
1188 3606 1341 3677 Opeccsta
1359 3607 1428 3663 deus

273 3697 408 3765 impunita
427 3697 446 3749 d
463 3698 599 3767 impunito
617 3713 675 3751 esse
694 3700 807 3767 peccato
824 3696 856 3752 D
963 3696 979 3751 7
997 3697 1121 3751 remissio
1140 3712 1194 3750 non
1212 3695 1280 3750 BT¹
1301 3698 1427 3751 remissio

273 3786 437 3840 AMDCbR
491 3789 507 3841 8
525 3791 698 3858 peccatorum
715 3804 770 3841 non
789 3787 889 3841 liberet
906 3788 934 3843 R
999 3788 1032 3842 lo
1050 3785 1150 3840 debeat
1167 3786 1270 3840 Amet
1287 3784 1384 3841 debuit
1404 3786 1431 3840 G

273 3876 430 3945 impertitur
448 3877 498 3931 Dd
562 3878 595 3931 12
614 3878 743 3947 inultum]
763 3877 879 3931 multum
901 3876 961 3931 ΤΜ
1031 3876 1109 3947 pedis
1126 3892 1238 3945 ecquam
1255 3876 1284 3929 A
1300 3876 1426 3946 pedisse·

274 3980 355 4033 qnam
372 3964 550 4021 DCtUXRd
586 3966 619 4019 13
638 3966 737 4019 smisso
760 3964 917 4023 TMACbB
972 3964 1107 4019 deleatO
1143 3966 1177 4019 14
1194 3982 1249 4019 non
1268 3964 1380 4029 doleant
1402 3964 1430 4019 Τ

276 4054 309 4106 17
327 4055 358 4106 tu
376 4053 475 4109 om.T
527 4055 562 4107 20
581 4054 653 4107 enim
671 4071 722 4108 om.
746 4054 772 4107 Τ
841 4055 914 4109 sicut
927 4054 1057 4123 scriptum
1072 4057 1115 4108 est
1127 4054 1251 4122 sequitur
1264 4059 1330 4121 post
1347 4053 1427 4109 cibus

272 4141 350 4195 inO
415 4141 448 4197 21
468 4142 507 4195 hii
526 4142 689 4197 MADCbB
760 4142 976 4212 perfeceruntO
1042 4144 1077 4197 22
1096 4142 1136 4212 id]
1155 4142 1201 4196 ide
1219 4140 1292 4195 Act
1364 4160 1426 4213 per-

272 4230 393 4285 tenuisse
412 4231 439 4283 B
493 4232 527 4286 23
547 4232 615 4301 tam]
636 4235 716 4285 tants
733 4230 843 4286 Moxa
901 4232 935 4285 24
956 4232 1013 4287 eius
1031 4231 1141 4286 bouitas
1163 4230 1265 4286 OXRd
1335 4231 1426 4287 facere

272 4317 345 4372 bona
362 4320 449 4389 possit
467 4318 495 4374 R
567 4319 656 4375 facere
675 4321 762 4391 possit
780 4320 945 4375 MADCtB
