3109 4959
367 445 409 500 de
438 463 527 500 cura
554 463 620 516 pro
649 448 817 502 mortuis
845 449 1016 518 gerenda
1207 453 1270 517 641

126 642 223 725 gitur.
261 640 430 724 aliquando
460 645 566 706 autem
593 641 762 706 fallacibus
790 642 872 707 uisis
900 642 1043 708 homines
1075 644 1107 708 in
1139 662 1272 728 magnos

124 748 298 812 mittuntur
322 767 452 826 errores,
472 766 552 830 quos
571 747 648 812 talia
666 749 789 832 perpeti
807 749 928 814 iustum
948 755 1007 814 est.
1031 751 1123 815 uelut
1141 749 1168 816 si
1188 752 1273 833 quis·

125 874 221 936 qnam
254 853 363 919 uideat
394 853 424 919 in
459 855 589 932 somnis,
618 855 703 936 quod
731 857 855 920 Aeneas
887 856 1008 921 uidisse
1040 857 1124 939 apud
1156 857 1272 922 inferos

124 961 251 1043 poetica
273 961 413 1025 salsitate
435 965 588 1038 narratur,
609 965 641 1025 et
659 962 687 1026 ei
707 961 886 1045 cuiuspiam
905 981 966 1026 non
987 964 1105 1046 sepulti
1124 963 1274 1048 adpareat

89 1088 103 1126 e
124 1068 231 1152 imago
254 1067 465 1150 loquaturque
488 1067 575 1146 talia,
596 1068 703 1150 qualia
726 1067 825 1134 fertur
848 1069 977 1134 loeutus
1000 1070 1049 1133 illi
1071 1070 1171 1136 fuisse
1190 1070 1273 1134 Pali-

124 1191 235 1250 nurus,
269 1177 301 1237 et
340 1193 413 1238 oum
451 1173 663 1258 suigilauerit,
697 1174 742 1238 ibi
776 1193 891 1257 eorpus
925 1175 995 1239 eius
1030 1175 1184 1253 inueniat,
1217 1176 1272 1239 ubi

123 1281 228 1346 iacere
255 1281 467 1358 inhumatum,
493 1299 565 1346 oum
594 1282 776 1359 somniaret,
801 1281 936 1358 audiuit,
961 1281 1140 1346 admonitus
1169 1286 1202 1347 et
1223 1303 1272 1346 ro-

123 1391 230 1473 gatus,
249 1389 287 1450 ut
310 1386 458 1471 sepeliret
479 1387 658 1466 inuentum,
678 1391 710 1453 et
734 1389 808 1471 quia
830 1387 864 1452 id
886 1407 998 1453 uerum
1018 1407 1090 1454 esse
1108 1389 1270 1472 comperit,

123 1494 232 1559 eredat
253 1493 325 1558 ideo
349 1497 493 1560 mortuos
518 1494 656 1577 sepeliri,
679 1499 718 1560 ut
741 1515 851 1560 eorum
875 1495 996 1560 animae
1019 1495 1059 1560 ad
1082 1496 1152 1562 loos
1170 1497 1271 1560 trans·

73 1622 103 1661 10
123 1603 207 1679 eant,
232 1601 313 1666 unde
341 1601 573 1683 insepultorum
603 1600 723 1666 animas
751 1601 873 1666 interna
904 1601 1063 1684 prohiberi
1090 1603 1161 1686 lege
1189 1621 1271 1666 som·

123 1708 240 1772 niauit:
269 1726 369 1772 nonne
400 1707 446 1772 ita
474 1707 603 1772 eredens
627 1707 801 1790 plurimum
826 1728 844 1772 a
866 1709 994 1772 tramite
1017 1709 1162 1774 ueritatis
1185 1727 1271 1773 eror-

122 1815 227 1880 bitat?

167 1921 222 1986 XI.
250 1921 300 1986 13.
327 1919 380 1985 Sio
403 1921 510 1985 autem
534 1919 699 1984 infirmitas
728 1920 868 1984 humana
896 1939 967 1985 sese
994 1919 1100 1996 habet,
1124 1925 1171 2000 ut,
1197 1940 1270 1986 eum

122 2033 284 2094 mortuum
307 2027 339 2092 in
364 2026 483 2092 somnis
509 2026 643 2109 quisque
667 2024 795 2103 uiderit,
817 2025 919 2109 ipsius
943 2027 1081 2090 animam
1104 2046 1139 2091 se
1162 2027 1270 2092 uidere

70 2156 100 2195 1⁵
122 2134 304 2211 arbitretur,
328 2151 401 2198 oum
429 2137 535 2198 autem
564 2135 678 2196 uiuum
702 2132 851 2197 similiter
874 2133 1091 2210 somniauerit
1114 2152 1176 2198 non
1200 2133 1269 2197 eius

121 2239 260 2306 animam
287 2258 389 2322 neque
419 2257 544 2322 eorpus,
569 2239 625 2303 sed
653 2239 791 2304 hominis
819 2237 1060 2304 similitudinem
1090 2239 1152 2303 sibi
1175 2240 1268 2323 adpa-

121 2347 226 2411 ruisse
249 2365 311 2412 non
336 2346 471 2410 dubitet.
496 2345 586 2428 quasi
610 2363 669 2410 non
693 2345 821 2427 possint
838 2348 872 2409 et
888 2349 1087 2411 mortuorum
1106 2346 1268 2411 hominum

121 2453 234 2520 eodem
266 2453 360 2518 modo
389 2453 598 2518 nescientium
627 2471 688 2517 non
717 2451 849 2528 animae,
878 2452 934 2516 sed
962 2451 1189 2517 similitudines
1217 2451 1269 2516 ad-

119 2577 230 2642 parere
254 2558 493 2624 dormientibus.
518 2577 574 2643 pro
598 2562 694 2636 certo,
715 2577 788 2622 oum
810 2557 984 2623 Mediolani
1008 2577 1163 2636 essemus,
1183 2559 1269 2624 audi·

211 2735 228 2788 5
247 2731 281 2786 ol.
299 2732 381 2801 Verg.
399 2731 466 2786 Aen.
486 2734 511 2800 6,
531 2733 582 2788 337
602 2749 661 2802 sqq.

160 2841 172 2892 l
192 2839 333 2893 lallatibus
352 2837 385 2892 T¹
404 2831 520 2892 fallaciis
534 2837 565 2892 F
616 2839 694 2907 uisis]
713 2839 770 2892 suis
788 2838 831 2891 his
850 2839 878 2892 B
896 2839 951 2892 suis
969 2839 998 2892 hi
1017 2838 1081 2892 ΓΜ
1096 2838 1164 2891 uisis
1182 2839 1226 2901 his
1244 2838 1270 2891 T

119 2927 188 2982 uisis
206 2927 246 2980 hii
264 2927 291 2980 A
345 2928 361 2979 2
380 2927 524 2980 mittantur
542 2927 569 2980 A
646 2926 715 2980 talia
733 2926 850 2996 perpeti]
870 2927 921 2980 tali
939 2927 1078 2982 delusione
1097 2927 1190 2995 appeti
1208 2925 1267 2991 (de-

117 3018 225 3071 lusione
242 3033 264 3070 e.
284 3017 314 3083 1.)
334 3015 364 3070 F
433 3016 514 3070 uelud
538 3017 566 3070 Y
626 3017 742 3070 3eneas
761 3014 924 3085 NAEFYp
986 3016 1140 3084 lpoetiea]
1160 3015 1269 3084 poetica

119 3123 186 3160 usus
207 3111 281 3173 (usus
300 3107 331 3160 tn
348 3109 418 3174 ros.)
437 3105 561 3170 Β,ΙΖΜ
580 3105 688 3175 poetica
705 3121 756 3170 hut
778 3105 805 3158 T
819 3107 926 3175 poetice
946 3121 1028 3158 eausa
1046 3103 1105 3158 EF
1190 3103 1266 3157 felsi-

118 3197 187 3250 tatis
205 3197 235 3252 E
318 3195 355 3264 et]
376 3201 404 3249 et
422 3199 453 3249 ut
475 3193 707 3249 TIZEAK¹MF
791 3195 850 3248 eius
867 3193 1003 3247 ΝΥῙΜΥ1
1084 3209 1137 3247 non
1156 3193 1266 3264 sepulti]

117 3285 250 3354 insepulti
264 3283 295 3338 F
340 3285 564 3354 dloquaturque]
586 3288 614 3338 et
632 3284 759 3352 loquatur
773 3283 832 3337 EF
846 3283 974 3352 loquatur
990 3282 1020 3337 Y
1035 3283 1161 3350 loquetur
1179 3282 1226 3351 qui
1243 3283 1268 3335 Τ

117 3373 189 3427 talis
206 3391 257 3428 om.
276 3371 402 3428 ΕΥΥΑ1
473 3373 565 3442 qualia
584 3389 634 3426 om.
658 3371 721 3426 ΤΒι
794 3373 910 3425 retertur
927 3371 1059 3442 NIZB¹p
1133 3370 1174 3423 illi
1192 3371 1266 3424 loeu-

117 3469 164 3517 tus
183 3463 221 3516 bd
237 3463 343 3518 loeutus
362 3462 416 3515 illis
435 3461 466 3514 F
480 3462 588 3515 loeutus
607 3462 653 3516 ille
673 3466 685 3530 β
703 3463 810 3516 loeutus
829 3461 913 3515 fuisse
931 3459 974 3514 illi
991 3461 1022 3514 Ε
1118 3459 1266 3528 pellinurus

117 3553 162 3616 (in
180 3569 230 3621 my.
250 3550 399 3620 polidorus)
419 3551 451 3604 K
518 3550 709 3604 binneniatur
731 3550 760 3605 Y
826 3548 1015 3604 'isomniered
1038 3548 1067 3603 Υ
1136 3549 1265 3602 emmoni·

115 3649 163 3695 tus
182 3639 273 3694 NKY
345 3641 533 3707 Sinuentum]
554 3639 743 3693 uiuentan
812 3638 962 3708 ilsepelire
986 3637 1012 3691 V
1078 3637 1111 3692 10
1129 3635 1267 3707 prohiberi

114 3728 272 3784 iniemsF
341 3727 545 3796 prohibereK¹
634 3726 1074 3798 11n0nne(ner.1.m.a)K
1143 3725 1192 3794 ita]
1212 3725 1267 3779 ista

112 3817 150 3872 N
153 3817 208 3871 ΤΚ
213 3817 288 3887 Υβφά
305 3817 369 3886 Eup
450 3817 475 3885 a]
496 3817 529 3869 ad
553 3817 580 3870 Υ
660 3817 828 3870 exorbitatur
847 3837 864 3888 φ
885 3815 1039 3869 exhorbitet
1062 3815 1088 3867 V
1158 3815 1191 3868 13
1210 3813 1265 3882 Sic]

113 3909 139 3962 si
163 3905 342 3974 TMFB¹A¹e
449 3922 477 3958 se
497 3905 534 3958 M
551 3921 610 3959 esse
628 3905 695 3958 Fau
799 3907 871 3974 oum]
892 3921 971 3974 quem
989 3896 1266 3958 BTMKYEAFCt

113 4013 170 4067 quq
189 3995 219 4048 F
276 3997 306 4048 14
323 3999 460 4048 mortuum
475 3999 539 4062 post
559 3995 658 4050 uiderit
677 3993 779 4048 hubent
793 3993 994 4062 NJZVReeoo
1066 4007 1199 4060 quemque
1211 3989 1269 4043 EF

113 4084 265 4141 arbitretur
283 4085 400 4136 animam
420 4098 449 4135 se
469 4082 604 4137 uidereE
675 4083 766 4136 anima
784 4081 813 4135 Υ
861 4083 894 4134 15
913 4081 1061 4134 arbitratur
1079 4078 1105 4132 V
1174 4081 1265 4132 sutem

113 4173 219 4229 uiderit
236 4173 361 4227 similiter
380 4173 472 4226 uiuum
491 4173 522 4226 B
616 4171 793 4227 somniauerit
810 4187 861 4224 om.
881 4171 911 4223 E
1000 4171 1032 4223 16
1051 4169 1152 4237 neque]
1170 4167 1266 4221 neoV

111 4263 239 4319 homines
259 4263 285 4315 in
306 4260 510 4314 similitudinem
529 4261 560 4314 F
642 4261 694 4315 sibi
713 4258 920 4313 similitudinem
940 4258 974 4311 N
1059 4259 1092 4311 19
1111 4273 1159 4326 pro
1178 4256 1263 4324 serto]

112 4369 195 4424 porro
220 4351 256 4420 Vp
274 4368 353 4421 porro
374 4355 446 4404 certe
464 4349 523 4403 EF

142 4477 237 4518 xlixxt
252 4477 310 4526 Aug.
323 4473 380 4516 Soet.
396 4475 476 4524 vpm
490 4476 532 4518 lll.
1194 4453 1227 4504 41
