3109 4959
280 435 344 499 588
654 431 680 484 S.
709 430 846 484 Aureli
873 430 1092 498 Augustini

278 647 336 692 nos
374 645 522 691 excusare
554 645 615 690 oon
647 644 831 707 possumus,
869 624 996 689 etiamsi
1028 623 1286 707 contemptibiles
1318 623 1431 697 simus,

281 733 355 816 quia
387 737 418 797 et
450 732 509 797 hos
539 732 694 797 conlocari
718 731 834 810 uoluit,
868 731 896 796 si
919 731 1078 812 sapientes
1102 728 1292 807 defuissent,
1323 729 1433 811 potius

281 859 375 922 quam
410 842 447 904 ut
479 839 608 923 negotia
640 837 885 902 christianorum
917 837 1115 902 deferrentur
1144 837 1177 900 in
1201 835 1319 900 forum.
1338 852 1433 915 quem

278 949 384 1010 tamen
418 946 557 1010 laborem
589 963 650 1009 non
680 945 746 1008 sine
771 944 987 1009 consolatione
1011 943 1131 1008 domiui
1154 942 1355 1024 suscipimus
1377 959 1433 1022 pro

280 1071 336 1137 spe
359 1053 446 1117 uitae
471 1056 626 1127 aeternae,
660 1035 702 1114 ut¹
719 1051 860 1114 furatum
883 1049 1023 1114 feramus
1046 1068 1119 1113 oum
1142 1047 1323 1113 tolerantia
1347 1048 1434 1112 serui
1461 1073 1473 1110 1

280 1159 363 1223 enim
395 1177 507 1223 sumus
532 1157 601 1221 eius
626 1157 782 1222 ecclesiae
804 1161 837 1220 et
858 1155 995 1220 maxime
1017 1153 1244 1220 infirmioribus
1268 1154 1435 1228 meminis,

281 1264 467 1346 qualialibet
502 1264 535 1326 iu
574 1263 684 1327 eodem
718 1281 850 1344 corpore
880 1261 1023 1325 membra
1055 1260 1166 1326 simus.
1205 1260 1322 1325 omitto
1355 1259 1434 1324 alias

280 1369 526 1434 innumerabiles
550 1369 785 1434 ecclesiasticas
808 1386 910 1446 curas,
941 1387 1020 1449 quas
1044 1367 1179 1432 fortasse
1202 1385 1296 1431 nemo
1321 1365 1435 1440 credit,

279 1477 342 1542 nisi
374 1477 426 1559 qui
460 1481 607 1560 expertus
640 1478 699 1540 est.
733 1493 794 1540 non
828 1493 902 1559 ergo
936 1474 1105 1557 alligamus
1138 1493 1234 1539 onera
1266 1473 1436 1558 grauiam

281 1584 398 1648 umeris
436 1583 553 1648 uestris
590 1583 783 1664 inponimus,
816 1599 898 1664 quoe
934 1600 992 1646 nos
1028 1580 1131 1664 digito
1163 1599 1226 1644 non
1258 1579 1476 1664 taug'mus,1o

281 1688 537 1772 quandoquidem
574 1689 601 1752 si
639 1687 736 1753 officii
771 1687 875 1754 nostri
912 1687 1004 1752 salus
1040 1686 1162 1752 ratione
1194 1705 1369 1768 possemus
1393 1721 1436 1732 -

281 1795 371 1859 uidet
391 1796 457 1873 ille,
492 1796 546 1876 qui
567 1795 682 1878 probat
705 1793 800 1860 corda
822 1797 932 1859 nostra
953 1831 1007 1870 —,
1032 1793 1202 1858 mallemus
1224 1792 1306 1857 haec
1330 1811 1435 1876 agere,

282 1920 362 1983 quae
394 1905 431 1966 ut
459 1902 560 1985 agatis
584 1903 756 1978 hortamur,
781 1919 876 1983 quam
905 1919 942 1964 ea
971 1919 1051 1982 quae
1075 1919 1133 1964 nos
1156 1918 1251 1982 agere
1275 1899 1434 1983 cogimur.

283 2027 357 2072 saue
391 2008 538 2074 omuibus
572 2012 603 2072 et
637 2007 727 2071 uobis
761 2010 795 2071 et
816 2006 908 2072 uobis
931 2026 988 2090 pro
1011 2010 1120 2072 nostro
1144 2005 1244 2090 gudo
1269 2011 1304 2070 et
1327 2004 1434 2069 officio

281 2115 498 2179 laborantibus
532 2119 562 2178 et
595 2117 662 2178 arta
685 2113 739 2178 uia
761 2117 812 2179 est
834 2112 866 2176 in
894 2113 1001 2178 labore
1025 2117 1058 2179 et
1085 2131 1236 2178 aerumna
1269 2116 1304 2176 et
1325 2115 1477 2176 tamenn
1552 2140 1553 2167 1

281 2221 312 2285 in
338 2241 394 2304 spe
418 2221 631 2304 gaudentibus
656 2222 767 2305 iugum
791 2221 862 2284 eius
885 2221 956 2284 lene
979 2223 1085 2285 estet
1108 2218 1231 2284 sarcina
1253 2219 1352 2295 leuis,
1381 2218 1435 2299 qui

280 2347 339 2392 nos
367 2328 498 2392 uocauit
524 2327 564 2391 ad
590 2327 743 2410 requiem,
768 2327 823 2408 qui
846 2327 932 2409 prior
953 2327 1123 2390 transitum
1144 2325 1265 2390 lecito
1288 2324 1435 2389 conualle

281 2434 478 2517 plorationis,
510 2433 566 2498 ubi
597 2452 654 2498 nee
685 2433 754 2515 ipse
787 2433 856 2498 sine
885 2433 1044 2516 pressuris
1076 2431 1148 2497 fuit
1183 2431 1212 2495 si
1244 2431 1375 2508 fratres,
1408 2430 1436 2492 si

281 2540 340 2604 filii
362 2539 462 2605 nostri
486 2539 574 2619 estis,
599 2539 628 2604 si
651 2538 796 2604 conserui
818 2539 872 2603 uel
893 2538 1002 2622 potius
1019 2538 1052 2601 iu
1073 2537 1200 2603 Christo
1224 2537 1313 2601 serui
1336 2537 1438 2601 uestri

282 2666 405 2726 sumus,
438 2646 545 2711 audite
578 2665 659 2729 quae
690 2665 868 2723 monemus,
902 2644 1065 2730 agnoscite
1098 2663 1179 2726 quae
1206 2642 1437 2726 praecipimus,
1453 2672 1481 2711 n

283 2755 401 2820 sumite
425 2772 505 2836 quae
525 2754 755 2836 dispensamus.
780 2753 808 2816 si
828 2756 935 2816 autem
954 2751 1112 2835 pharisaei
1130 2769 1244 2815 sumus
1264 2750 1438 2834 alligantes

282 2879 377 2926 onera
412 2859 522 2945 genia
559 2862 591 2924 et
622 2859 809 2942 inponentes
840 2859 983 2922 humeris
1015 2857 1145 2932 nostrie,
1181 2876 1264 2938 quae
1297 2856 1439 2920 dicimus

282 2967 386 3046 facite,
420 2967 546 3033 etiarnsi
578 2986 657 3049 quae
687 2966 822 3030 facimus
847 2965 1033 3049 inprobatis.
1061 2964 1154 3029 nobis
1178 2967 1306 3028 autem
1330 2962 1438 3027 mini·

282 3093 380 3138 mum
413 3077 480 3150 est,
505 3075 546 3137 ut
579 3092 597 3136 a
628 3073 738 3138 uobis
771 3071 984 3136 diiudicemur
1014 3073 1077 3135 aut
1107 3072 1150 3136 ab
1174 3071 1340 3135 humano
1364 3069 1438 3134 die.

285 3199 379 3262 quam
405 3199 554 3264 germana
578 3180 707 3243 caritate
732 3179 775 3242 sit
798 3178 890 3243 nobis
914 3197 989 3243 cura
1012 3178 1051 3241 de
1069 3178 1174 3254 uobis,
1196 3177 1253 3241 ille
1272 3176 1481 3259 inspiciatis

377 3405 410 3458 16
431 3404 463 3460 11.
483 3403 582 3457 Matth.
604 3405 646 3468 11,
666 3405 701 3458 30
773 3405 809 3458 22
829 3403 980 3458 1111111111.
1000 3404 1043 3468 23,
1064 3404 1080 3458 3
1149 3403 1184 3455 23
1204 3400 1238 3455 cf.
1259 3401 1273 3454 1
1292 3399 1354 3457 Cor.
1373 3403 1440 3464 4,3

320 3531 445 3583 isumus
463 3527 601 3599 PDMNr
668 3530 732 3582 2et
750 3545 802 3582 om.
821 3527 855 3581 N
918 3525 1176 3591 socleramum
1248 3525 1309 3579 loro
1328 3524 1443 3594 PBH-,⁹

282 3616 440 3685 futurumss
511 3618 715 3686 tsuseepimus
733 3598 839 3687 Plelp
913 3615 1073 3685 tqualibet
1089 3614 1128 3669 Μ
1214 3630 1311 3668 sumus
1328 3613 1443 3682 PDE-s

285 3707 320 3760 10
336 3706 454 3760 humeris
472 3703 789 3778 PLOABDFMprd
895 3705 1056 3774 attingimus
1073 3703 1167 3757 PDM
1247 3705 1280 3756 11
1300 3703 1390 3756 uestri
1410 3702 1444 3756 D

283 3795 418 3864 possimus
435 3794 470 3848 N
556 3794 590 3848 13
610 3795 693 3864 agitis
712 3793 766 3848 LB
845 3795 1087 3862 quam-cogimur
1104 3809 1190 3864 cunr
1263 3807 1314 3844 nos
1333 3807 1389 3844 ons.
1410 3791 1445 3844 N

284 3883 380 3952 eogim'
400 3883 429 3936 D
504 3883 536 3936 14
554 3881 749 3936 nobis-uobis
768 3881 870 3936 FMdd
937 3883 971 3936 15
990 3883 1043 3951 est]
1062 3881 1121 3935 eius
1138 3880 1172 3934 N
1240 3895 1394 3948 aerumpna
1414 3880 1445 3932 B

284 3987 394 4024 erumna
413 3971 478 4024 ΠΜ
528 3970 810 4040 1611111]11111ΔΝ
861 3970 1076 4039 111111111111γ
1128 3970 1159 4022 17
1180 3985 1233 4038 quo
1251 3969 1329 4036 prior
1347 3967 1444 4021 Pau

287 4061 318 4113 18
332 4059 424 4127 finale
442 4060 465 4113 si
484 4075 534 4113 om.
553 4059 581 4113 L
688 4060 723 4114 20
743 4061 900 4129 cognoscite
918 4078 934 4129 γ
953 4059 1082 4127 1111111β
1183 4057 1374 4128 praecepimus
1396 4058 1445 4127 Βγ

283 4149 318 4202 23
337 4149 448 4202 minime
467 4153 493 4214 (e
512 4165 533 4202 s.
554 4149 571 4202 t.
592 4152 622 4214 2)
645 4147 723 4212 C‚F¹
741 4165 790 4218 pro
810 4149 921 4202 minimo
940 4147 974 4202 N
1041 4149 1077 4202 24
1096 4146 1265 4202 diudicemnr
1281 4145 1317 4199 N
1331 4145 1444 4199 iudiea-

283 4237 378 4305 murlt
455 4237 573 4291 humano
593 4237 647 4307 die]
667 4238 821 4291 huiusmodi
841 4237 946 4306 PDMr
1036 4238 1071 4292 25
1089 4236 1168 4290 nobis
1188 4251 1253 4289 cura
1270 4236 1309 4288 sit
1327 4235 1444 4303 mors

284 4326 361 4380 uobis
381 4325 407 4379 L
479 4327 526 4395 qui
545 4325 622 4379 dedit
641 4325 770 4396 inspiciat
788 4329 815 4380 A
