3109 4959
487 1160 928 1274 OORRIGENDA.

170 1547 197 1598 p.
217 1530 263 1593 24,
283 1530 299 1583 3
319 1530 365 1584 dei
381 1529 573 1585 includendum
594 1532 668 1585 etin
689 1531 750 1589 adn.
771 1532 851 1587 scrib.
872 1537 941 1586 erat:
962 1534 1008 1588 dei
1025 1536 1050 1590 6.
1069 1536 1143 1600 949
1161 1536 1279 1603 fidentia

123 1635 175 1673 scr.
201 1623 269 1672 erat.
298 1618 333 1673 34
356 1618 446 1688 legas:
470 1618 537 1672 1=
557 1618 648 1675 Codex
671 1620 860 1675 Laudnnensis
883 1638 910 1675 n.
931 1621 982 1676 136
1005 1639 1077 1693 sqq.;
1103 1624 1122 1677 Z
1141 1648 1176 1670 =
1195 1623 1279 1679 codex

123 1706 316 1761 Laudunensis
335 1725 361 1762 n.
377 1709 428 1763 135
447 1724 506 1777 sqq.
525 1708 675 1773 97,15.18
694 1710 722 1763 in
741 1709 804 1763 adn.
818 1710 846 1764 P
864 1711 1071 1781 expungendum
1091 1714 1141 1767 est.
1163 1712 1213 1767 100
1229 1730 1279 1769 scr.

124 1799 197 1849 erat:
223 1795 257 1850 N
272 1819 307 1842 =
327 1795 410 1851 codex
428 1796 683 1867 Montepessulanus
703 1798 755 1853 137
775 1814 796 1851 ε.
816 1798 907 1853 VIIII.
937 1800 998 1865 105,
1016 1800 1034 1854 8
1051 1801 1081 1855 in
1100 1801 1161 1855 adn.
1180 1802 1208 1855 B
1226 1818 1278 1856 om.

125 1887 194 1938 erat.
226 1884 287 1947 106,
308 1886 331 1938 1.
350 1885 376 1937 4.
396 1885 412 1938 6
436 1884 464 1938 in
489 1884 551 1941 adn.
570 1884 598 1937 B
616 1902 667 1938 om.
689 1888 754 1939 erat.
785 1888 845 1954 135,
866 1888 900 1939 15
917 1887 1006 1957 legas:
1031 1886 1188 1943 credidisse.
1218 1889 1278 1953 136,

127 1974 220 2027 1013
241 1974 269 2025 in
290 1972 351 2026 adn.
367 1972 390 2027 8
407 1988 458 2028 om.
474 1976 540 2026 erat.
562 1973 612 2027 140
631 1990 682 2028 scr.
701 1978 772 2029 erat:
792 1974 819 2027 B
837 1999 872 2021 =
891 1975 973 2029 codex
991 1976 1175 2029 Bruxellensis
1191 1977 1279 2031 10796

126 2061 254 2115 -10800
274 2078 296 2117 s.
314 2060 405 2115 VIIII.
435 2062 495 2125 190,
514 2062 549 2117 25
568 2062 596 2115 in
615 2060 677 2115 adn.
696 2062 729 2117 N
745 2080 797 2116 om.
817 2067 883 2118 erat.
903 2065 963 2127 235,
984 2067 1001 2118 4
1020 2081 1070 2118 scr.
1091 2068 1161 2119 erat:
1183 2064 1278 2119 admo-

126 2150 242 2203 nuimtw
260 2148 515 2221 PHADRGTNT.
543 2152 638 2214 241,1
664 2151 692 2203 in
712 2149 774 2205 adn.
793 2151 882 2220 legas:
906 2158 1039 2221 utraeque
1059 2151 1280 2208 C²PKIZGHS

123 2236 354 2293 DBTMENbd.
383 2239 443 2303 382,
463 2240 478 2291 7
503 2238 591 2293 arrha
609 2238 633 2296 b.
657 2239 718 2303 389,
738 2241 772 2293 23
792 2239 946 2294 addendum
965 2244 1037 2294 erat:
1066 2239 1100 2293 de
1118 2238 1279 2311 Gregoriani

126 2328 221 2381 codice
246 2327 279 2381 cf.
306 2326 339 2382 G.
357 2327 471 2381 Haenel.
499 2326 552 2381 468
575 2327 664 2397 legas:
689 2326 789 2393 (Nouv.
809 2344 886 2397 aequ.
907 2329 997 2395 1449).
1024 2330 1121 2394 469,6
1144 2329 1280 2383 comsit

126 2416 216 2470 FLP.
241 2416 304 2480 599,
323 2417 342 2469 4
360 2416 389 2468 in
409 2417 534 2471 adessent
553 2432 604 2470 om.
625 2421 683 2470 erat
701 2418 744 2473 M.
771 2418 833 2480 624,
854 2416 887 2470 10
904 2407 1008 2470 19611υὲ
1024 2418 1152 2472 fortasse:
1170 2416 1279 2471 inferni.

126 2506 188 2567 633,
210 2506 241 2560 11
262 2522 314 2560 scr.
336 2509 408 2559 erat:
427 2505 490 2559 Rus.
509 2504 603 2575 Migne
621 2504 670 2559 XX
689 2507 755 2569 407;
775 2505 874 2560 Euseb.
893 2504 917 2559 V
937 2508 950 2559 1
970 2505 1064 2575 Migne
1082 2506 1132 2560 XX
1149 2505 1211 2562 407.
