3109 4959
295 440 462 505 XXXXVI
760 438 981 493 Praefatio.

297 636 481 721 uirginitate
510 635 658 700 debono
687 634 856 700 uiduitatis
886 634 925 699 de
953 653 1046 719 opere
1073 634 1301 700 monachorum
1323 637 1446 715 praeter

297 742 376 807 alios
407 742 585 826 locupletes
617 744 718 806 testes
752 741 807 823 qui
840 759 949 805 eornm
977 744 1126 805 nauatam
1155 759 1282 824 operam
1309 758 1384 823 prae
1412 758 1444 803 ee

295 850 402 913 ferunt
425 847 566 913 codicem
593 846 813 912 Corbeiensem
839 848 946 911 13367
971 866 997 911 1.
1019 847 1065 911 Vl
1088 846 1314 923 adhibuerunt3
1338 849 1444 911 utrum

295 956 327 1019 in
360 954 440 1020 libro
475 954 512 1019 de
546 973 646 1038 agone
679 954 851 1020 christiano
889 953 997 1019 codice
1035 955 1110 1020 olim
1143 953 1327 1019 corbeiensi
1362 971 1444 1017 nunc

295 1062 533 1145 Petropolitano
558 1080 581 1127 s.
605 1061 726 1125 V-VI
749 1062 801 1126 usi
825 1062 891 1125 sint
914 1080 1011 1126 necne
1035 1062 1203 1156 scripturis
1228 1060 1444 1142 prestantibus

296 1167 380 1232 effici
409 1186 469 1232 non
498 1170 615 1250 potest,
640 1186 832 1251 quamquam
860 1168 929 1232 ueri
957 1168 1158 1233 simillimum
1181 1170 1239 1233 est.
1275 1185 1349 1232 nam
1373 1184 1444 1231 1111

296 1276 422 1338 constet
444 1272 668 1337 Benedictinos
697 1292 732 1336 11
760 1271 816 1337 1111
845 1272 1077 1353 pretiosissimo
1105 1274 1268 1339 uolumine
1292 1271 1445 1336 11111111-

297 1379 429 1445 dendam
459 1379 628 1459 epistulam
655 1378 866 1443 Fundamenti
896 1382 928 1444 et
957 1380 1020 1442 alia
1041 1380 1215 1463 Augustini
1239 1398 1333 1461 opera
1355 1378 1445 1442 testi-

295 1486 402 1551 monia
433 1485 599 1568 petiuisse
625 1504 783 1549 summam
815 1484 1051 1567 probabilitatis
1084 1487 1223 1569 speciem
1250 1486 1347 1550 habet
1374 1502 1444 1549 con-

295 1592 496 1674 iacturaque
517 1591 698 1655 diuinamns
723 1591 818 1655 etiam
838 1596 960 1673 partem
980 1592 1018 1655 ad
1037 1592 1118 1657 illud
1137 1610 1217 1675 opus
1235 1593 1445 1676 pertinentem

297 1717 462 1763 excussam
494 1698 560 1761 illis
593 1697 667 1760 usui
695 1696 805 1762 luisse.
844 1715 925 1779 quos
956 1698 1081 1763 codices
1110 1698 1281 1764 Vaticanos
1307 1698 1444 1763 Meurini
1554 1684 1555 1731 ³

296 1804 500 1869 adhibuerint
527 1822 563 1867 ex
590 1802 629 1867 iis
657 1803 781 1885 patebit
809 1822 888 1885 quae
918 1803 951 1870 Ο.
976 1803 1062 1869 Vrba
1089 1824 1125 1869 ea
1149 1805 1242 1869 dere
1267 1806 1444 1887 disputarit

294 1912 326 1975 in
350 1910 458 1975 libello
484 1910 537 1992 qui
560 1909 746 1973 inscribitur
770 1910 931 1995 ,Beitrage
959 1930 1015 1976 111
1038 1910 1230 1978 Goschichte
1259 1912 1443 1996 111111111-

296 2016 472 2083 stinischen
496 2015 684 2089 Tenthritih,
709 2015 804 2080 Wien
830 2018 936 2082 1889'.
970 2018 1079 2100 quanti
1103 2023 1211 2084 autem
1233 2019 1362 2086 collatio
1387 2020 1443 2083 Be-

295 2122 526 2188 nedictinorum
560 2140 654 2204 quam
686 2122 819 2187 Parisiis
853 2142 979 2187 morans
1011 2125 1094 2190 iutra
1125 2145 1238 2191 manus
1270 2126 1368 2191 habui
1405 2126 1444 2190 ad

296 2229 356 2294 hoo
384 2230 535 2293 uolumen
567 2228 710 2293 ducenda
733 2229 776 2293 sit
800 2230 1006 2312 cognoscitur
1029 2251 1065 2295 ex
1087 2232 1127 2297 iis
1152 2251 1231 2314 qnae
1253 2233 1291 2298 R.
1314 2233 1446 2297 Knlrula

297 2335 335 2399 de
359 2336 467 2400 eadem
490 2354 524 2399 re
547 2339 636 2417 parte
658 2336 706 2399 III
731 2336 867 2418 scripsit.
891 2336 919 2401 si
942 2336 994 2401 hic
1018 2338 1083 2401 illic
1107 2338 1136 2402 ei
1158 2338 1221 2403 uiri
1243 2339 1444 2404 uerecundia·

297 2442 371 2506 simi
395 2441 448 2524 qui
472 2442 635 2525 nogotium
661 2442 785 2507 codices
810 2442 988 2507 conserendi
1012 2444 1236 2510 iactitauemnt
1259 2445 1338 2529 quid
1368 2447 1445 2511 omi-

297 2551 406 2613 serunt
429 2567 490 2612 non
516 2550 565 2612 est
587 2547 713 2627 mirum,
737 2551 924 2632 praesertim
949 2568 1022 2614 cnm
1041 2569 1132 2615 nemo
1151 2552 1277 2635 ignoret
1295 2558 1445 2634 quantam

295 2654 449 2719 librorum
478 2654 594 2718 molem
622 2655 654 2719 in
689 2655 825 2740 singulis
855 2657 1020 2739 opusculis
1053 2658 1182 2722 edendis
1219 2660 1444 2724 coaceruarinc.

340 2760 452 2825 Restat
480 2764 517 2824 ut
545 2780 653 2827 omnes
682 2766 771 2846 grato
796 2762 901 2827 animo
926 2764 1141 2829 commendem
1166 2766 1220 2847 qui
1243 2765 1275 2828 in
1298 2766 1359 2830 hac
1380 2768 1446 2831 Au·

297 2868 417 2951 gnstini
442 2886 572 2950 operum
595 2872 684 2951 parte
709 2869 886 2934 edomanda
908 2870 988 2934 mihi
1011 2871 1159 2954 opitulati
1183 2874 1266 2937 sunt
1303 2892 1340 2937 ao
1366 2873 1445 2938 libe-

295 2973 453 3038 ralissime
478 2974 605 3055 quidem
630 2994 793 3040 summum
816 2977 1030 3041 Ministerium
1055 2978 1179 3043 codices
1205 2982 1239 3043 et
1261 2978 1444 3045 Gallicanos

296 3084 329 3144 et
344 3079 548 3145 Germanicos
567 3081 599 3145 in
619 3082 716 3146 huius
732 3082 960 3148 Uniuersitatis
980 3084 1211 3150 bibliothecum
1229 3085 1309 3150 mihi
1326 3087 1445 3151 iterum

295 3187 474 3268 iterumque
492 3188 752 3253 transmittendos
772 3189 909 3264 curauit;
931 3188 1043 3253 deinde
1057 3191 1248 3255 Academiae
1265 3191 1444 3257 litterarum

297 3291 468 3357 Caesareae
492 3294 699 3358 facultatibus
723 3294 859 3359 facultas
883 3296 967 3359 faeta
990 3296 1068 3360 mihi
1093 3302 1143 3360 est
1165 3298 1262 3362 libros
1280 3298 1443 3365 Parisinos

297 3397 439 3479 aliosque
464 3398 679 3481 comparandi;
703 3402 773 3464 tum
792 3419 854 3464 non
873 3420 1006 3485 possum
1024 3402 1290 3469 bibliothecarum
1310 3426 1444 3488 quarum

298 3503 404 3585 copiae
434 3506 557 3570 excussi
583 3506 752 3587 praelectis
782 3506 1026 3573 officiosissimis
1054 3510 1207 3575 maximas
1235 3513 1354 3595 gratias
1383 3533 1443 3580 non

297 3628 389 3693 agere
421 3611 563 3694 itemque
596 3613 743 3678 omnihus
776 3614 831 3696 qui
864 3615 933 3678 side
965 3635 1036 3681 meo
1069 3620 1183 3701 rogatu
1211 3619 1280 3683 siue
1308 3620 1442 3685 aliorum

296 3716 487 3781 mediatione
511 3717 636 3783 codices
659 3739 765 3784 meum
790 3721 821 3783 11
845 3740 940 3785 usum
964 3722 1177 3787 contulerunt.
1203 3725 1345 3789 omnium
1369 3744 1442 3791 uero

296 3822 469 3903 plurimum
503 3824 615 3889 dehere
651 3844 701 3889 me
739 3826 917 3891 duumuiris
950 3826 988 3894 G.
1023 3828 1060 3892 de
1092 3829 1207 3895 Hartel
1241 3830 1273 3896 O.
1307 3830 1444 3897 Schenkl

295 3926 443 3991 lubenter
474 3929 622 4011 profiteor
655 3933 708 4013 qui
740 3932 956 3997 indeficienter
983 3939 1014 3998 et
1040 3935 1253 4001 indesinenter
1284 3957 1335 4003 me
1368 3958 1443 4021 quo·

298 4034 532 4118 modooumque
555 4040 700 4119 poterant
722 4037 921 4103 adiuuerunt.

344 4174 527 4243 Scribebam
552 4178 754 4243 Vindobonae
777 4200 885 4247 mense
908 4182 998 4247 Iunio
1025 4184 1121 4248 1899.

1058 4340 1249 4444 Iosephus
1277 4343 1414 4445 Zycha
