3109 4959
427 455 468 508 de
497 437 750 508 adulterinis
779 453 984 523 coniugiis
1215 455 1280 520 377

174 650 292 715 ΧΧΙΠ.
318 652 370 717 29.
395 649 457 714 Sed
485 651 512 714 si
535 650 612 714 haec
635 649 689 714 ille
714 649 905 714 christianus
927 649 1126 734 responderit
1147 654 1282 733 tempta·

126 757 202 828 tori,
225 756 413 840 intellegens
437 756 568 821 licuisse
593 755 722 838 quidem
746 756 808 820 sibi
832 755 991 821 dimittere
1015 756 1201 836 adulteram,
1225 755 1281 821 sed

127 862 224 927 aliam
254 863 367 928 ducere
395 881 455 928 non
484 862 590 941 licere,
615 861 711 944 qnid?
736 862 764 927 si
794 862 878 927 dicat
905 863 959 927 ille
982 866 1169 947 temptator:
1199 882 1281 928 com·

128 970 223 1034 mitte
254 969 315 1033 hoc
348 971 524 1051 peccatum,
553 971 590 1033 ut
622 969 769 1052 adquiras
799 969 937 1033 animam
966 967 1092 1035 Christo
1120 971 1152 1034 in
1180 975 1282 1034 morte

80 1099 108 1138 <s
128 1075 329 1138 infidelitatis
356 1075 480 1157 positae
506 1075 650 1154 feminae,
673 1093 753 1158 quae
777 1077 887 1159 parata
914 1081 973 1153 ost,
997 1076 1024 1140 si
1047 1076 1106 1140 tibi
1128 1076 1282 1158 nupserit,

127 1181 198 1245 fieri
236 1181 427 1246 christiana?
460 1181 536 1265 qnid
573 1181 660 1246 aliud
697 1181 890 1247 christianus
927 1182 967 1246 ad
999 1183 1062 1246 ista
1092 1182 1282 1265 respondere

129 1287 226 1352 debet
259 1291 291 1352 et
322 1287 435 1362 dicere,
465 1287 525 1352 nisi
559 1308 592 1352 so
625 1307 686 1354 non
719 1308 825 1372 posse,
854 1291 882 1354 si
910 1288 970 1354 hoc
999 1289 1120 1365 iecerit,
1149 1287 1282 1353 euadere

127 1393 296 1470 iudicium,
321 1393 406 1475 quod
437 1395 698 1460 commemorauit
726 1397 902 1478 apostolus,
930 1395 986 1459 nbi
1014 1394 1072 1458 ait:
1106 1396 1145 1458 et
1173 1393 1283 1458 sicut

129 1500 277 1564 dicunt
299 1519 368 1566 nos
393 1500 554 1582 quidam
578 1500 731 1567 dicere:
755 1501 957 1566 faciamus
979 1502 1093 1579 mala,
1113 1503 1157 1565 nt
1175 1500 1282 1564 neni·

81 1610 199 1671 mant
227 1607 349 1672 bona?
384 1626 549 1690 quornm
582 1607 782 1672 indicium
812 1608 965 1672 iustum
996 1609 1081 1672 est?
1124 1605 1282 1689 quomodo

128 1715 239 1778 autem
266 1713 384 1795 poterit
407 1733 477 1779 esse
501 1713 670 1778 salubriter
693 1713 875 1791 christiana,
899 1733 978 1796 quae
1003 1733 1074 1778 cnm
1098 1713 1153 1778 illo
1178 1731 1196 1775 a
1220 1713 1282 1794 quo

129 1819 261 1884 ducitur
282 1819 342 1884 erit
364 1819 531 1885 adultera?

174 1926 309 1990 XXIIII.
334 1927 385 1991 30.
409 1927 479 1992 Non
511 1926 616 1992 solum
644 1929 750 1990 autem
774 1925 1006 1991 moechandum
1028 1945 1090 1992 non
1114 1927 1173 2004 est,
1197 1924 1282 2007 quod

128 2033 208 2098 iacit
239 2051 300 2098 non
333 2032 472 2116 quidam,
501 2033 556 2098 sed
586 2033 697 2108 omnis,
728 2033 782 2114 qni
810 2032 944 2097 dimittit
972 2052 1102 2097 uxorem
1130 2052 1221 2096 suam
1251 2034 1284 2096 et

82 2167 110 2204 ιι
130 2138 222 2203 ducit
256 2141 398 2220 alteram,
428 2140 486 2204 etsi
519 2143 685 2222 propterea
718 2139 850 2217 duxerit,
878 2144 916 2204 ut
942 2139 1039 2203 faciat
1065 2137 1281 2216 christianam,

129 2245 188 2309 sed
225 2245 321 2310 etiam
358 2245 504 2328 quisquis
543 2265 604 2310 non
643 2245 794 2330 alligatus
831 2246 919 2311 uxori
956 2245 1181 2309 continentiam
1224 2244 1282 2308 deo

128 2351 269 2430 nouerit,
292 2352 380 2416 nullo
403 2351 497 2416 modo
521 2351 616 2416 debet
637 2352 701 2416 ista
724 2352 968 2434 conpensatione
991 2370 1131 2434 peccare,
1150 2353 1189 2415 ut
1210 2352 1282 2414 ideo

130 2457 240 2522 credat
281 2475 410 2521 urorum
454 2457 515 2522 sibi
559 2477 629 2523 esse
672 2456 858 2534 ducendam,
901 2440 990 2538 quia¹
1015 2456 1162 2540 promisit
1203 2476 1284 2540 qnae

129 2564 259 2646 nuptias
284 2563 353 2629 eius
378 2563 499 2648 adpetit
522 2565 661 2628 futuram
687 2580 721 2630 se
745 2583 816 2628 esse
840 2564 1056 2628 christianam.
1090 2563 1174 2646 quod
1198 2564 1283 2626 euim

80 2671 256 2752 secuique,
295 2673 461 2752 antequam
498 2671 654 2751 uouisset,
691 2671 819 2748 licebat,
857 2689 930 2736 cum
967 2670 1000 2734 id
1036 2689 1071 2734 se
1110 2689 1281 2751 numquam

126 2777 288 2841 facturum
325 2778 461 2853 nouerit,
499 2797 559 2843 non
596 2778 721 2854 licebit3
761 2778 789 2842 si
825 2781 930 2841 tamen
967 2777 1000 2841 id
1037 2777 1164 2842 nouerit
1197 2775 1283 2857 quod

128 2883 312 2948 uouendum
342 2883 413 2963 luit,
438 2885 534 2948 sicuti
564 2887 614 2949 est
640 2889 794 2967 perpetua
821 2885 989 2968 uirginitas
1015 2885 1068 2948 uel
1091 2884 1284 2949 continentia

128 2991 204 3072 post
231 2995 358 3072 experta
385 2992 520 3057 conubia
548 2992 663 3056 solutis
692 3011 710 3055 a
737 2992 868 3057 uinculo
893 2990 1052 3075 coniugali
1075 2991 1127 3055 uel
1151 3011 1186 3054 er
1211 3010 1282 3056 con·

128 3116 226 3162 sensu
254 3097 447 3162 cosentinus
476 3101 508 3162 u
531 3098 670 3162 earnalia
692 3097 800 3162 oense
823 3099 885 3163 sni
909 3081 1046 3162 inuicem
1069 3097 1281 3162 relaxantibus

81 3233 109 3273 ss
127 3203 278 3268 fidelibus
311 3203 473 3286 castisque
501 3203 702 3288 coniugibus,
731 3205 816 3287 quod
845 3205 979 3268 alterum
1007 3205 1075 3269 sine
1103 3204 1201 3268 altera
1229 3206 1282 3268 uel

128 3311 261 3375 alteram
290 3309 357 3374 sine
387 3311 486 3375 altero
510 3330 629 3377 nouere
653 3311 701 3376 ias
725 3331 787 3377 uon
813 3315 871 3378 est.
909 3312 988 3376 haec
1012 3330 1087 3395 ergo
1111 3292 1195 3376 etsi
1219 3331 1282 3395 qua

127 3417 192 3480 alia
224 3419 309 3496 sunt,
339 3435 419 3498 quae
447 3418 626 3482 rectissime
654 3423 822 3495 uouentur‚
852 3437 924 3482 cum
951 3417 1095 3484 homines
1122 3419 1280 3496 uenerint,

220 3610 237 3664 8
256 3609 333 3666 Rom.
353 3611 378 3674 3,
397 3611 414 3664 8

165 3737 182 3788 3
204 3737 233 3787 et
251 3734 390 3788 committe
413 3735 439 3788 T
460 3734 627 3788 committere
646 3734 683 3788 M
769 3735 788 3788 4
807 3737 836 3786 et
853 3733 905 3786 hoc
922 3731 951 3786 R
1041 3733 1057 3786 5
1076 3736 1237 3802 praeparata
1254 3733 1282 3788 R

127 3825 213 3893 opata
230 3821 271 3876 lt'¹
326 3821 522 3891 drespondere
542 3821 576 3875 sd
595 3823 649 3876 ists
668 3821 760 3876 VNtd
810 3820 1101 3883 tfeceritexlaceret
1117 3821 1142 3873 Τ
1190 3821 1281 3890 9qui·

127 3914 190 3968 dam
211 3927 261 3964 nos
281 3909 317 3964 od
371 3909 479 3980 quidem
498 3909 555 3964 BT
591 3912 622 3964 11
644 3910 790 3964 salubriter
807 3911 910 3985 poterit
928 3907 1030 3964 esseR
1084 3909 1281 3963 salubritusM

127 4005 161 4057 12
181 4001 293 4055 ducitur
310 4001 372 4070 erit]
393 3999 528 4054 decoxerit
549 3999 575 4054 T
663 4002 715 4054 erit
733 4000 869 4068 adultera]
888 4000 1025 4053 adulterat
1047 3998 1093 4054 VS
1110 3999 1233 4053 adultera
1253 3999 1284 4052 E

126 4092 179 4144 erit
199 4093 232 4156 (a.
253 4089 281 4153 l.)
301 4089 424 4143 adultera
444 4089 475 4141 N
528 4091 560 4144 15
579 4091 629 4144 fiat
648 4089 796 4144 christiana
820 4088 935 4142 VESN¹
991 4090 1025 4142 19
1042 4088 1162 4143 futuram
1182 4105 1233 4141 om.
1252 4087 1281 4142 R

125 4195 154 4234 se
174 4177 277 4233 om.T
348 4178 522 4231 christianam
540 4177 659 4232 futurum
678 4178 706 4233 R
780 4181 809 4232 et
826 4177 898 4247 quod
917 4177 973 4231 BT
1047 4178 1082 4231 20
1100 4177 1224 4230 uouisset
1245 4175 1280 4229 T¹

124 4270 157 4323 21
179 4267 292 4321 nouerit
310 4269 339 4332 (n
356 4267 419 4320 init.
438 4267 470 4320 tn
487 4271 556 4333 roo.)
575 4267 604 4321 N
646 4269 680 4322 22
699 4267 811 4321 sicutS
850 4268 884 4320 24
903 4266 1060 4320 uiuentibus
1078 4264 1122 4319 N²
1156 4267 1191 4318 25
1207 4265 1279 4334 quod

124 4359 233 4420 -379‚
254 4358 294 4409 25
312 4357 394 4409 etiam
414 4356 511 4411 dmum
529 4357 560 4410 in
578 4357 615 4410 M
667 4357 701 4412 26
721 4357 814 4410 uoueri
833 4355 890 4408 BT
