3109 4959
268 443 333 506 360
617 440 645 494 S.
671 437 810 492 Aureli
836 436 1052 506 Augustini

267 637 429 718 praeter
467 651 627 698 cansam
665 630 962 696 fornicationis
1000 634 1039 695 et
1077 629 1197 694 aliam
1241 629 1416 705 duxerit,

266 743 402 808 moach
412 745 511 818 atur,
526 759 587 806 non
603 740 755 804 debemus
771 739 921 805 continuo
935 742 1048 820 putare
1061 737 1154 802 illum
1167 757 1230 802 uon
1245 737 1417 815 moechari,

267 849 321 930 qui
339 852 468 932 propter
487 867 614 914 causam
633 847 850 912 fornicationis
869 845 1027 910 dimiserit
1040 848 1073 909 et
1091 845 1186 909 aliam
1204 845 1339 920 duxerit,
1359 843 1418 909 sed

266 955 370 1020 adhuc
385 955 555 1040 ambigere,
571 955 669 1019 donec
685 953 889 1036 euangelium
903 951 1078 1016 secundum
1095 951 1175 1016 alios
1189 952 1418 1037 euangelistae,

266 1061 420 1144 aquibus
444 1062 504 1126 hoo
527 1063 688 1125 narratum
712 1063 771 1136 est,
796 1060 1013 1124 consulamus.
1039 1057 1135 1140 quid?
1155 1058 1182 1122 si
1202 1058 1284 1124 enirn
1305 1076 1419 1122 secun·
1447 1075 1459 1112 ε

266 1167 342 1232 dum
374 1167 573 1232 Matthaeum
610 1185 670 1230 nou
709 1165 836 1247 quidem
875 1165 960 1247 quod
996 1164 1036 1229 ad
1067 1165 1147 1229 hano
1179 1184 1246 1230 rem
1278 1163 1420 1248 pertinet

266 1275 388 1340 dictum
416 1277 466 1339 est
492 1277 608 1348 totum,
633 1273 689 1338 sed
717 1273 762 1337 ita
790 1291 862 1356 pars
886 1271 971 1337 dicta
993 1276 1053 1345 est,
1077 1275 1115 1336 ut
1135 1271 1377 1355 intellegeretur
1401 1290 1420 1334 a

264 1384 354 1464 parte
376 1384 490 1454 totum,
515 1379 600 1462 quod
623 1383 786 1461 tamquam
809 1379 1011 1461 explanantes
1035 1378 1162 1443 Marcus
1186 1380 1219 1442 et
1240 1378 1356 1452 Lucas,
1381 1381 1420 1441 ut

266 1487 399 1552 clareret
419 1487 514 1570 plena
537 1486 703 1563 sententia,
727 1488 833 1550 totum
856 1485 961 1550 dicere
983 1486 1184 1550 maluerunt?
1211 1503 1284 1549 cum
1306 1484 1420 1566 itaque

265 1592 403 1675 primum
435 1611 496 1657 non
524 1592 707 1657 dubitantes
735 1611 846 1657 uerum
875 1611 957 1668 esse,
987 1590 1071 1675 quod
1103 1590 1186 1674 apud
1214 1591 1418 1656 Matthaeum
1437 1607 1461 1646 ¹⁰
1553 1586 1554 1659 ζ

265 1699 396 1783 legitur:
428 1700 672 1782 quicumque
696 1697 907 1764 dimiserit
929 1716 1090 1762 uxorem
1118 1715 1229 1761 suam
1253 1701 1420 1780 praeter

266 1823 428 1870 causam
451 1804 747 1871 fornicationis
771 1808 811 1868 et
835 1803 955 1868 aliam
974 1803 1146 1881 duxerit,
1166 1804 1419 1880 moechatur,

265 1912 506 1992 quaesierimus,
531 1915 638 1976 utrum
666 1913 792 1976 tantum
818 1910 880 1975 iste
908 1909 1095 1975 moechetur
1117 1909 1260 1974 ducendo
1283 1911 1420 1974 alteram

266 2035 404 2095 uxorem,
433 2017 487 2100 qui
520 2021 644 2101 praeter
676 2035 806 2082 causam
837 2016 1055 2082 fumicationis
1083 2017 1221 2100 priorem
1248 2016 1421 2093 dimiserit,

266 2143 303 2186 au
329 2124 443 2201 omnis,
462 2124 517 2207 qui
541 2124 674 2188 dimissa
695 2141 792 2188 uxore
816 2123 948 2187 alteram
972 2122 1105 2198 duxerit,
1125 2126 1162 2186 ut
1183 2123 1230 2188 ibi
1252 2123 1296 2186 sit
1317 2124 1420 2188 etiam
1437 2141 1460 2181 a

265 2230 319 2294 ille
349 2231 402 2312 qui
434 2231 640 2296 fornicantem
670 2229 837 2308 dimiserit,
865 2248 966 2294 noune
995 2229 1170 2294 secuudum
1198 2229 1341 2294 Marcum
1371 2250 1420 2294 re·

266 2336 473 2418 spondebitur
500 2338 606 2404 nobis:
637 2337 713 2419 quid
741 2336 904 2419 quaeritis,
927 2339 1035 2401 utrum
1062 2335 1117 2400 ille
1141 2336 1186 2400 sit
1207 2335 1362 2401 moechus
1387 2341 1421 2402 et

264 2443 319 2508 ille
347 2463 407 2510 nou
438 2445 502 2508 sit?
535 2444 780 2526 quicumque
814 2443 1023 2513 dimiserit
1049 2461 1210 2509 uxorem
1238 2462 1348 2508 suam
1380 2448 1421 2509 et

265 2549 385 2615 aliam
425 2551 596 2628 durarit,
630 2550 880 2615 adulterium
911 2549 1147 2614 committit.
1185 2569 1285 2614 nonne
1317 2550 1418 2614 etiam

265 2657 441 2721 secuudum
468 2657 587 2722 Lucam
616 2656 738 2722 dicotur
765 2656 872 2721 nobis:
906 2656 983 2738 quid
1011 2656 1185 2740 ambigitis,
1213 2661 1319 2720 utrum
1346 2655 1417 2733 ille,
1436 2674 1461 2712 ω

265 2763 319 2844 qui
351 2767 480 2847 propter
511 2783 639 2829 causam
671 2763 889 2828 luminationis
922 2782 1049 2829 uxorem
1076 2762 1234 2828 dimiserit
1260 2766 1293 2826 et
1319 2762 1417 2826 aliam

266 2869 397 2948 duxerit,
432 2889 493 2935 non
529 2871 735 2936 moechetur?
774 2871 902 2934 omnis
941 2871 1009 2952 qui
1042 2869 1220 2934 dimittit
1254 2888 1417 2934 uxorem

266 2994 374 3040 suam
395 2980 434 3041 et
453 2977 568 3041 ducit
586 2977 756 3042 alteram
775 2977 1025 3042 moechatur.
1044 2995 1081 3040 ao
1100 2995 1156 3059 per
1173 2975 1245 3048 hoo,
1265 2975 1415 3057 quoniam

265 3081 312 3146 fas
340 3101 401 3147 non
430 3085 489 3164 est,
512 3085 550 3147 ut
578 3082 794 3165 euangelistas
821 3083 969 3164 quamuis
997 3082 1132 3148 diuersis
1160 3078 1267 3147 uerbis
1290 3081 1329 3146 de
1352 3101 1418 3146 una

263 3207 297 3252 re
331 3188 497 3272 loquentes
534 3190 573 3254 ab
610 3206 672 3253 uuo
710 3208 805 3254 seusu
843 3189 1016 3271 eademque
1053 3188 1210 3254 sententia
1246 3187 1417 3252 dissentire
1434 3205 1459 3244 τι

265 3294 418 3370 dicamus,
446 3299 556 3374 restat,
585 3300 623 3361 ut
649 3296 849 3360 Matthaeum
881 3294 1106 3379 intellegamus
1139 3314 1157 3358 a
1187 3298 1277 3378 parte
1308 3297 1415 3358 totum

265 3401 442 3486 siguificare
478 3403 632 3480 uoluisse,
666 3403 799 3466 eandem
830 3409 936 3467 tamen
968 3403 1112 3467 tenuisse
1143 3401 1343 3472 sententiam,
1378 3409 1416 3464 ut

265 3508 428 3573 dimittens
456 3527 584 3574 uxorem
614 3513 647 3573 et
673 3508 805 3572 alteram
834 3509 953 3573 ducens
980 3528 1041 3573 nou
1065 3507 1194 3590 quidam
1218 3508 1414 3583 moechetur,

263 3613 296 3678 ld
325 3619 375 3680 est
402 3615 457 3698 qul
484 3618 607 3697 praeter
634 3614 873 3680 fornicationem
902 3613 1070 3688 dimiserit,
1092 3613 1222 3697 quidam
1248 3632 1324 3678 nero
1352 3633 1415 3678 non

300 3804 316 3856 4
336 3803 445 3872 abigere
464 3805 494 3859 E
573 3808 589 3860 6
608 3805 760 3859 mattheum
780 3810 831 3858 aut
848 3804 987 3858 matheum
1006 3820 1110 3872 scalper
1128 3803 1207 3858 codd.
1288 3805 1304 3858 7
1322 3809 1414 3858 totum

265 3907 315 3946 oue.
334 3893 363 3946 P
464 3895 498 3949 10
517 3911 571 3950 non
591 3895 750 3949 dubitantes
770 3895 884 3965 primum
903 3894 931 3949 R
1036 3895 1067 3947 ll
1088 3899 1199 3965 propter
1221 3894 1413 3950 ummo

267 3982 299 4034 13
319 3981 399 4035 eliam
417 3981 446 4036 R
502 3985 534 4036 14
553 3984 742 4038 fornicationis
762 3984 911 4038 causamP
959 3985 991 4038 16
1010 3983 1191 4038 mnrcbnmP
1247 3985 1279 4038 19
1298 3985 1411 4038 alteram

269 4069 435 4125 VEMNSP
504 4073 539 4126 20
558 4071 675 4142 ambigis
694 4073 732 4127 Μ
797 4073 832 4127 22
850 4089 904 4126 non
924 4087 974 4128 om.
994 4072 1022 4125 P
1090 4073 1217 4126 moecho?
1239 4077 1269 4128 et
1285 4071 1412 4126 1911811ι

264 4161 405 4214 nreohatur
423 4161 451 4215 P
485 4161 520 4215 23
539 4161 621 4214 aliam
640 4161 716 4215 ducit
733 4162 762 4214 P
801 4163 836 4216 26
855 4179 871 4214 a
889 4165 967 4230 parte
985 4164 1075 4216 totum
1092 4160 1286 4230 intellegamus
1298 4161 1413 4216 EMNS

264 4252 351 4302 totam
374 4247 436 4302 ΤΒ1
490 4250 524 4302 27
546 4248 713 4318 eandemque
736 4248 791 4302 VE
860 4249 981 4302 tenuisse
1000 4263 1052 4303 om.
1071 4248 1098 4302 P
1146 4248 1181 4303 28
1200 4249 1310 4319 quidem
1325 4249 1408 4304 PSR¹

264 4339 298 4390 29
318 4341 428 4406 propter
445 4335 469 4391 S
539 4337 820 4406 quidam-dimiserit
838 4353 890 4392 om.
909 4336 968 4391 MS
