3109 4959
245 452 339 517 XIII]
707 450 926 503 Praefatio.

245 646 265 708 8
288 643 462 708 sacerdotio
489 644 639 727 suerilcpo
668 643 886 721 RSJIBNAE
913 647 966 721 61,
995 649 1015 709 5
1048 642 1263 732 Queanrobrem]
1292 664 1391 725 oreore

245 748 444 814 RSMBNA
477 753 516 815 al.
550 752 710 815 artissime
743 755 851 816 autem
890 752 1016 817 codices
1053 748 1188 814 RSMB
1224 752 1392 815 cohaerere

243 859 326 921 inter
348 878 382 921 se
406 858 466 923 hoc
489 859 569 923 miro
594 861 737 943 exemplo
762 861 936 925 euiucitur:
963 862 1017 939 48,
1044 862 1085 923 19
1113 861 1243 941 esposse?
1264 857 1391 923 obedio

244 962 355 1041 BMS,
379 963 412 1027 R
433 965 466 1029 in
490 986 566 1047 rap:
594 968 647 1043 49,
673 967 692 1029 8
715 968 750 1029 in
779 966 946 1030 obiectione
972 966 1145 1030 adunatur
1168 964 1278 1042 RSM,
1307 964 1393 1029 Bis

243 1091 327 1149 ros.;
349 1073 403 1148 50,
424 1074 466 1135 24
489 1072 615 1135 obiectio
637 1070 737 1152 spado
763 1070 906 1150 RSMB,
925 1072 964 1135 a*
981 1074 1018 1135 in
1038 1092 1105 1135 ras.
1127 1075 1258 1157 apparet
1279 1090 1392 1135 uocem

245 1177 433 1243 obiectionis
464 1178 612 1260 primitus
641 1178 680 1241 ab
708 1178 879 1260 interprete
907 1178 1045 1259 quodam
1072 1178 1104 1241 in
1132 1178 1274 1262 margine
1297 1195 1393 1257 appo·

245 1285 340 1348 sitam
369 1304 387 1347 a
413 1283 550 1349 librariis
578 1284 609 1348 iu
637 1288 759 1349 textum
788 1288 948 1365 receptam
978 1303 1058 1348 esse.
1088 1284 1276 1349 manifestae
1297 1284 1393 1346 inter-

245 1391 415 1473 polationis
439 1392 578 1474 uestigia
600 1391 632 1455 iu
657 1388 725 1453 PX
748 1394 802 1460 60.
827 1392 847 1455 8
870 1392 1086 1474 reperiuntur:
1113 1388 1171 1478 uit]
1201 1394 1236 1454 ot
1257 1388 1312 1453 ille
1333 1389 1391 1452 ait.

245 1496 343 1561 codex
367 1498 385 1578 β
408 1499 514 1562 nescio
543 1516 604 1580 que
633 1501 725 1581 pacto
753 1497 806 1562 bic
834 1516 908 1561 curn
935 1498 1035 1562 altera
1061 1497 1183 1563 familia
1205 1498 1392 1581 plerumque

246 1604 413 1677 consentit,
446 1623 519 1668 cum
551 1604 582 1668 in
616 1604 687 1668 aliis
721 1604 850 1685 scriptis
882 1610 1056 1687 perpetuus
1087 1622 1194 1668 comes
1227 1604 1272 1668 sit
1305 1599 1391 1667 CIZ.

245 1710 387 1775 omniurn
424 1714 530 1774 autem
567 1711 718 1775 librorum
755 1710 785 1775 0
813 1711 911 1774 uerba
945 1711 1084 1775 auctoris
1121 1710 1324 1795 integerrime
1361 1711 1393 1771 et

244 1816 429 1901 plenissime
452 1817 667 1881 conseruauit:
692 1837 787 1898 quem
811 1817 1002 1881 fidissimum
1026 1818 1138 1880 ducem
1160 1817 1207 1879 ita
1228 1816 1392 1899 amplexus

246 1942 328 1999 sum,
353 1925 390 1986 ut
416 1922 477 1985 nisi
506 1922 678 2005 scripturas
703 1942 721 1985 a
749 1942 827 1987 sana
854 1922 1011 1986 sententia
1038 1922 1242 1987 abhorrentes
1269 1921 1395 1986 offerret

245 2048 318 2092 eum
347 2048 519 2110 numquam
549 2028 751 2093 deseruerim.
779 2029 834 2111 qui
861 2028 1056 2110 ubicumque
1085 2030 1154 2092 siue
1176 2032 1306 2111 propter
1327 2046 1394 2092 cor-

246 2136 403 2217 ruptelam
438 2136 506 2199 siue
539 2140 667 2218 propter
698 2134 943 2199 lacunositatem
981 2135 1173 2199 deserendus
1211 2138 1287 2210 erat,
1321 2134 1393 2199 aliis

247 2242 411 2305 codicibus
442 2242 522 2305 miro
555 2241 700 2306 fortunae
732 2241 884 2306 beneficio
916 2242 983 2305 illis
1014 2242 1095 2325 ipsis
1127 2242 1207 2305 locis
1239 2241 1324 2305 sanis
1352 2240 1392 2304 ad

247 2348 411 2432 suppetias
435 2347 692 2412 commodissime
715 2349 765 2411 uti
788 2350 942 2429 poteram.

292 2454 443 2519 Codicum
469 2454 693 2519 l'aticanorum
718 2474 747 2517 n.
766 2455 833 2517 470
853 2473 878 2518 s.
898 2454 947 2518 XI
966 2458 997 2518 et
1016 2474 1045 2517 n.
1064 2455 1130 2518 484
1149 2474 1175 2519 s.
1193 2454 1239 2518 XI
1258 2474 1394 2537 quorum

245 2566 351 2646 partes
378 2562 416 2628 R.
441 2560 544 2626 Cauer
571 2561 706 2625 eontulit
732 2562 788 2625 ille
815 2560 855 2624 ad
883 2560 1055 2625 secundam
1084 2562 1217 2625 classem
1246 2562 1394 2645 pertinet.

246 2669 298 2733 bic
320 2668 416 2749 priori
440 2666 694 2731 adnumerandus
719 2686 790 2730 esse
812 2666 951 2731 uidetur.

518 2860 576 2925 ΙΙΙ.
601 2860 658 2923 DE
681 2858 828 2924 AGONE
853 2858 1120 2924 cflulsnm’o

291 2991 327 3055 Iu
348 2988 426 3054 setis
442 3005 555 3069 magno
571 3002 699 3048 numero
714 2983 861 3047 codicum
879 2984 963 3047 bunc
982 2986 1153 3048 tractatum
1173 2984 1393 3065 praebentium

202 3093 279 3161 Cet
311 3096 473 3159 uetustate
507 3096 539 3154 et
571 3090 711 3154 bonitate
744 3089 846 3171 prima
878 3094 990 3153 tenens
1027 3089 1124 3153 codex
1157 3089 1233 3153 olim
1266 3089 1394 3154 Corbei-

248 3202 332 3267 eusis
366 3218 449 3265 nunc
481 3197 738 3278 Petropolibauus
771 3195 841 3258 Lat.
875 3194 911 3272 Q.
940 3215 969 3259 r.
993 3195 1018 3260 1.
1043 3196 1064 3257 3
1092 3194 1224 3259 membr.
1255 3196 1393 3261 miscell.

246 3310 277 3372 in
306 3308 343 3371 4⁰
372 3326 398 3371 s.
427 3304 455 3367 Υ
483 3308 623 3377 exeunte,
649 3308 685 3366 ut
711 3302 759 3366 illi
789 3302 917 3384 quidem
947 3303 1000 3383 qui
1030 3321 1103 3365 eum
1134 3302 1217 3365 bunc
1239 3303 1272 3365 in
1297 3322 1394 3367 usum

247 3414 510 3496 comparauerunt
534 3413 565 3473 et
589 3408 825 3490 descripsemnt
848 3407 1040 3472 confidenter
1062 3412 1157 3489 atque
1181 3409 1302 3491 optimo
1324 3411 1394 3473 iure

247 3519 414 3583 affinnant.
443 3516 559 3581 litteris
587 3514 767 3579 uncialibus
797 3518 943 3578 exaratus
970 3514 1022 3578 fol.
1052 3515 1116 3577 153
1143 3514 1307 3579 fasciculis
1334 3516 1394 3579 XX

248 3630 381 3703 constat,
406 3622 439 3687 id
463 3626 511 3687 est
535 3622 660 3685 duobus
683 3620 842 3685 trionibus
870 3619 899 3701 (1
922 3619 976 3683 fol.
1001 3620 1021 3683 6
1046 3622 1078 3684 et
1102 3618 1178 3683 l'IIl
1202 3621 1256 3684 fol.
1282 3620 1339 3705 bo)
1363 3628 1396 3686 et

248 3730 473 3814 septemdecim
490 3728 763 3811 quaternionibus:
785 3726 948 3809 qrratemio
963 3727 1070 3791 Xl'lll
1085 3728 1167 3791 enim
1187 3728 1394 3806 desideratur,

247 3839 280 3903 id
312 3838 396 3919 qnod
428 3838 524 3901 etiam
556 3836 587 3899 in
622 3834 729 3899 codice
763 3835 948 3897 adnotatum
982 3838 1045 3899 est:
1077 3852 1148 3898 nam
1182 3854 1279 3917 supra
1306 3840 1394 3917 quat.

246 3944 338 4009 xuss
366 3964 461 4009 manu
489 3943 607 4007 recenti
636 3941 779 4005 additum
809 3944 873 4003 est:
899 3938 949 4002 bic
975 3939 1088 4003 desuem
1104 3940 1202 4020 pluro
1224 3940 1313 4019 tolio.
1338 3962 1395 4007 nu-

249 4052 326 4115 meri
350 4055 381 4114 et
405 4050 646 4133 quaternionum
671 4053 702 4111 et
721 4048 860 4111 trionum
880 4046 910 4109 in
930 4046 1070 4130 margine
1092 4047 1238 4111 inferiore
1261 4049 1395 4114 ultimae

249 4158 404 4238 cuiusque
441 4157 574 4239 paginae
611 4154 749 4237 appositi
788 4158 873 4218 sunt.
911 4173 972 4235 qua
1009 4154 1061 4217 uia
1098 4153 1129 4216 in
1166 4153 1396 4220 bibliothecam

250 4264 436 4329 Caesaream
461 4262 728 4345 Petropolitsnam
757 4262 898 4344 perlatus
926 4260 979 4328 sit.
1003 4278 1039 4323 ex
1066 4260 1106 4323 iis
1130 4279 1210 4342 quae
1237 4261 1269 4324 in
1291 4260 1395 4327 fronte

249 4371 304 4437 fol.
331 4374 363 4435 1·
385 4370 482 4435 uerba
506 4368 679 4452 Arrgustini
702 4386 762 4431 non
787 4367 977 4432 continentis
1005 4366 1154 4431 adnotata
1181 4370 1256 4430 sunt
1279 4386 1396 4453 cogno·
