3109 4959
523 479 565 533 de
592 478 676 533 fide
704 484 741 533 at
768 478 957 549 operibus
1273 484 1314 549 63

158 673 337 755 tenderent,
362 675 498 755 qualiter
530 692 585 739 eos
618 677 778 756 oporteret
809 675 929 752 uiuere,
964 679 1001 739 ut
1032 676 1228 741 habitatione
1259 677 1316 741 illa

159 778 253 864 digni
276 780 396 859 fierent,
420 781 523 845 sciens
547 780 586 845 de
610 781 749 865 apostoli
771 781 865 845 Pauli
888 781 1081 864 quibusdam
1110 784 1315 849 subobscuris

159 887 331 951 sententiis
363 888 534 952 nonnullos
565 888 694 970 iniquos
726 888 889 971 accepisse
923 888 1131 968 occasionem,
1165 894 1202 954 ut
1234 892 1313 955 taru-

159 1012 259 1074 quam
292 995 397 1059 securi
430 994 469 1059 de
500 995 615 1072 salute,
645 1014 725 1077 quae
755 995 787 1059 iu
816 993 879 1059 lide
909 998 967 1071 est,
997 997 1076 1061 bena
1113 996 1220 1062 uiuere
1254 1016 1315 1060 non

124 1102 319 1178 scurareut,
348 1101 612 1166 commemorauit
639 1100 793 1183 quaedam
823 1101 863 1164 ad
890 1102 1139 1187 intellegendum
1174 1102 1317 1167 difficilia

161 1223 235 1269 esse
267 1206 299 1270 iu
332 1208 479 1290 epistulis
513 1207 594 1286 eius,
630 1225 710 1290 quae
741 1206 885 1271 homines
919 1212 1137 1291 peruertereut
1169 1210 1254 1274 sicut
1285 1213 1317 1273 at

160 1312 242 1377 alias
267 1312 441 1395 scripturas
468 1314 509 1377 ad
535 1314 697 1397 proprium
727 1332 822 1377 suum
850 1313 1029 1380 interitum:
1058 1334 1131 1380 cum
1154 1318 1258 1380 tamen
1285 1320 1317 1379 et

159 1418 218 1482 ille
250 1420 417 1502 apostolus
449 1419 487 1484 de
521 1422 626 1485 salute
660 1423 795 1502 aeterna,
821 1440 901 1503 quae
934 1422 996 1486 uisi
1024 1422 1102 1487 bene
1131 1422 1316 1488 uiuentibus

159 1544 224 1589 non
253 1524 391 1603 daretur,
420 1526 530 1591 eadem
559 1526 699 1604 sentiret,
728 1546 808 1608 quae
837 1527 933 1591 ceteri
962 1527 1108 1611 apostoli.
1138 1528 1184 1593 sic
1207 1529 1316 1611 itaque

113 1662 142 1700 ιο
163 1632 291 1709 Petrus,
315 1631 380 1697 his
404 1649 510 1715 ergo,
529 1631 643 1714 inquit,
663 1632 849 1697 omnibus
869 1634 1153 1714 pereuntibus,
1174 1633 1315 1716 quales

162 1740 332 1820 oportet
364 1756 453 1802 esse
484 1757 558 1803 uos
590 1739 628 1803 in
662 1740 820 1804 sanetis
854 1740 1248 1805 conuersationibus
1278 1745 1317 1805 et

159 1844 411 1926 pietatibus,
444 1848 712 1927 expectantes
746 1849 785 1910 et
820 1848 1090 1929 properantes
1127 1846 1172 1911 ad
1208 1865 1316 1929 prae-

158 1950 339 2015 sentiam
362 1951 447 2015 diei
471 1951 633 2031 domini,
656 1971 725 2036 per
748 1971 863 2035 quarn
892 1952 997 2016 caeli
1026 1952 1216 2018 ardentes
1242 1953 1315 2017 sol·

159 2060 313 2122 nentur
354 2060 393 2122 et
433 2059 637 2123 elementa
677 2058 788 2143 ignis
835 2058 977 2123 ardore
1023 2057 1315 2141 decoquentur.

112 2182 292 2233 raucuos
334 2182 430 2229 uero
473 2164 609 2230 caelos
652 2168 691 2229 et
727 2167 875 2229 terram
913 2184 1055 2229 nouam
1093 2165 1315 2229 secundum

159 2271 367 2352 promissa
403 2270 542 2353 ipsius
581 2274 854 2353 expectamus,
883 2270 921 2335 in
959 2271 1108 2352 quibus
1145 2271 1317 2335 iustitia

156 2375 383 2463 inhabitat.
408 2380 669 2459 quapropter,
690 2376 909 2453 carissimi,
930 2376 1026 2441 haec
1046 2380 1312 2460 expectantes

160 2484 266 2549 satis
310 2483 421 2568 agite
467 2482 667 2547 inuiolati
709 2488 748 2547 et
790 2482 1035 2548 inmaculati
1080 2483 1185 2567 apud
1226 2502 1313 2548 eum

159 2588 338 2673 reperiri
368 2588 407 2653 iu
435 2607 543 2671 pace,
572 2591 611 2652 et
638 2588 791 2652 domini
819 2590 949 2653 nostri
979 2589 1224 2671 patientiam
1259 2608 1313 2653 sa-

112 2698 289 2766 alutem
326 2696 575 2773 existimate,
614 2696 725 2760 sicut
762 2699 802 2760 et
839 2696 1146 2761 dilectissimus
1184 2696 1314 2761 frater

160 2807 302 2868 noster
334 2802 486 2867 Paulus
520 2801 740 2866 secuudum
774 2820 856 2865 eam
889 2821 990 2885 quae
1023 2802 1117 2867 data
1149 2808 1213 2867 est
1244 2804 1313 2868 illi

158 2908 411 2992 sapientiam
444 2908 621 2990 scripsit
652 2908 782 2983 uobis,
807 2912 850 2971 ut
883 2911 922 2973 ot
953 2909 990 2972 in
1025 2908 1210 2973 omuibus
1235 2912 1311 2993 epi·

159 3015 291 3081 stulis
319 3016 493 3098 loquens
522 3015 561 3079 iu
590 3016 650 3080 eis
679 3015 724 3079 de
748 3015 823 3093 his,
847 3016 885 3079 iu
909 3014 1057 3097 quibus
1082 3019 1178 3080 sunt
1202 3014 1311 3081 diffi-

161 3123 263 3187 cilia
295 3123 530 3201 intellectu,
565 3141 665 3205 quae
697 3121 855 3186 indocti
890 3126 929 3185 et
966 3122 1191 3187 instabiles
1228 3142 1310 3206 per-

112 3231 332 3297 auertunt
360 3229 472 3293 sicut
499 3232 537 3293 et
566 3231 726 3293 ceteras
759 3227 990 3310 scripturas
1024 3228 1068 3291 ad
1101 3229 1309 3311 proprium

159 3356 275 3401 suum
317 3336 544 3399 interitum.
584 3354 658 3399 uos
699 3334 839 3419 igitur,
880 3334 1165 3413 amantissimi,
1202 3354 1310 3418 prae·

251 3552 421 3608 1011Pear.
442 3553 467 3615 3,
488 3552 593 3606 11-18

195 3679 340 3746 loportet
357 3676 441 3731 SMR
531 3678 682 3731 dsalutem
700 3677 728 3732 R
819 3680 977 3732 bearereut
995 3676 1054 3731 RN
1148 3676 1309 3731 difficillima

157 3765 326 3820 SMRBPA
379 3766 534 3835 depictola
552 3765 722 3821 SMRBNA
781 3764 1068 3819 'Immenosum
1128 3766 1264 3819 9sentirs
1283 3766 1310 3819 P

157 3856 197 3909 sit
215 3854 302 3909 SMR
393 3855 426 3908 10
446 3856 522 3924 ergo]
540 3855 626 3924 igitur
644 3856 675 3907 X
763 3854 902 3923 inquidS
990 3854 1127 3923 omnibus]
1152 3854 1307 3907 hominibus

158 3942 328 3999 SMRBNA
384 3944 416 3996 11
436 3959 485 3996 uos
505 3960 563 3997 esse
583 3944 790 3998 SMRBNAbd
845 3944 878 3996 14
898 3941 992 3996 ardore
1010 3943 1081 4011 iguis
1101 3942 1309 3997 SMRBNAbd

159 4032 367 4102 dequoquentur
385 4032 441 4086 ΒΡ
547 4034 580 4087 16
599 4032 685 4101 ipsius
703 4032 838 4102 promissa
855 4032 883 4084 P
986 4032 1018 4085 17
1038 4032 1147 4085 habitat
1165 4030 1309 4085 SMRBN

159 4122 293 4175 karissimi
311 4120 375 4174 MP
441 4121 474 4175 18
493 4120 610 4190 satagite
630 4120 667 4173 bd
735 4120 768 4173 19
787 4120 917 4189 repperiri
940 4118 1018 4173 CNP
1034 4119 1191 4189 reperire]
1259 4136 1307 4187 pa-

159 4211 258 4263 tientia
276 4208 452 4264 SMRB¹PA
506 4211 542 4263 22
561 4213 592 4262 ut
610 4226 647 4265 er.
666 4208 697 4263 N
768 4212 797 4261 et
815 4207 1048 4262 orraSMRPAX
1067 4224 1103 4261 er.
1118 4206 1150 4259 N
1194 4208 1229 4261 23
1244 4210 1307 4260 sunt

162 4299 273 4370 quedam
293 4298 420 4369 (quedam
438 4316 459 4351 s.
480 4299 497 4352 l.
516 4315 552 4353 m.
571 4302 601 4365 2)
620 4303 648 4352 A
708 4297 814 4351 difficili
832 4298 859 4352 R
920 4296 1042 4350 difficilia
1061 4294 1192 4365 quaedam
1212 4294 1305 4365 (quae-

162 4386 220 4441 dam
237 4389 269 4442 in
286 4392 352 4457 my.)
372 4386 396 4455 β,
407 4387 444 4441 bd
488 4388 524 4442 24
543 4386 579 4441 ad
596 4387 767 4441 intellectum
786 4386 814 4441 R
879 4386 1020 4439 iustauiles
1039 4384 1066 4439 R
1112 4384 1262 4437 aedituos
1280 4382 1308 4435 P
