<?xml version="1.0" encoding="UTF-8"?>
<!DOCTYPE html PUBLIC "-//W3C//DTD XHTML 1.0 Transitional//EN"
    "http://www.w3.org/TR/xhtml1/DTD/xhtml1-transitional.dtd">
<html xmlns="http://www.w3.org/1999/xhtml" xml:lang="en" lang="en">
 <head>
  <title>
</title>
<meta http-equiv="Content-Type" content="text/html;charset=utf-8" />
  <meta name='ocr-system' content='tesseract 3.04.00' />
  <meta name='ocr-capabilities' content='ocr_page ocr_carea ocr_par ocr_line ocrx_word'/>
</head>
<body>
  <div class='ocr_page' id='page_1' title='image "./corpusscriptoru18wiengoog_0285.png"; bbox 0 0 3109 4959; ppageno 0'>
   <div class='ocr_carea' id='block_1_1' title="bbox 501 394 1280 465">
    <p class='ocr_par' dir='ltr' id='par_1_1' title="bbox 501 394 1280 465">
     <span class='ocr_line' id='line_1_1' title="bbox 501 394 1280 465; baseline 0.005 -16"><span class='ocrx_word' id='word_1_1' title='bbox 501 394 668 451; x_wconf 82' lang='lat' dir='ltr'>debono</span> <span class='ocrx_word' id='word_1_2' title='bbox 698 395 909 465; x_wconf 84' lang='lat' dir='ltr'>coniugali</span> <span class='ocrx_word' id='word_1_3' title='bbox 1215 398 1280 461; x_wconf 80' lang='grc'>225</span> 
     </span>
    </p>
   </div>
   <div class='ocr_carea' id='block_1_2' title="bbox 68 591 1281 3345">
    <p class='ocr_par' dir='ltr' id='par_1_2' title="bbox 68 591 1281 3345">
     <span class='ocr_line' id='line_1_2' title="bbox 124 591 1279 676; baseline -0.001 -20"><span class='ocrx_word' id='word_1_4' title='bbox 124 592 244 659; x_wconf 87' lang='lat' dir='ltr'>babere</span> <span class='ocrx_word' id='word_1_5' title='bbox 274 591 378 659; x_wconf 88' lang='lat' dir='ltr'>omnia</span> <span class='ocrx_word' id='word_1_6' title='bbox 404 592 487 658; x_wconf 92' lang='lat' dir='ltr'>bona</span> <span class='ocrx_word' id='word_1_7' title='bbox 514 591 567 657; x_wconf 91' lang='lat' dir='ltr'>nel</span> <span class='ocrx_word' id='word_1_8' title='bbox 594 592 716 657; x_wconf 85' lang='lat' dir='ltr'>minora</span> <span class='ocrx_word' id='word_1_9' title='bbox 744 611 839 675; x_wconf 91' lang='lat' dir='ltr'>quam</span> <span class='ocrx_word' id='word_1_10' title='bbox 867 611 1019 676; x_wconf 84' lang='lat' dir='ltr'>magnum</span> <span class='ocrx_word' id='word_1_11' title='bbox 1052 591 1172 657; x_wconf 91' lang='lat' dir='ltr'>bonum</span> <span class='ocrx_word' id='word_1_12' title='bbox 1207 609 1279 655; x_wconf 90' lang='lat' dir='ltr'>cnm</span> 
     </span>
     <span class='ocr_line' id='line_1_3' title="bbox 123 696 1281 782; baseline -0.002 -19"><span class='ocrx_word' id='word_1_13' title='bbox 123 718 244 781; x_wconf 87' lang='lat' dir='ltr'>magno</span> <span class='ocrx_word' id='word_1_14' title='bbox 277 699 372 778; x_wconf 90' lang='lat' dir='ltr'>malo,</span> <span class='ocrx_word' id='word_1_15' title='bbox 404 700 479 782; x_wconf 88' lang='lat' dir='ltr'>quia</span> <span class='ocrx_word' id='word_1_16' title='bbox 512 702 544 763; x_wconf 87' lang='lat' dir='ltr'>ot</span> <span class='ocrx_word' id='word_1_17' title='bbox 575 699 607 764; x_wconf 94' lang='lat' dir='ltr'>in</span> <span class='ocrx_word' id='word_1_18' title='bbox 641 699 781 781; x_wconf 88' lang='lat' dir='ltr'>corporis</span> <span class='ocrx_word' id='word_1_19' title='bbox 815 698 906 764; x_wconf 92' lang='lat' dir='ltr'>bonis</span> <span class='ocrx_word' id='word_1_20' title='bbox 939 698 1054 762; x_wconf 89' lang='lat' dir='ltr'>melius</span> <span class='ocrx_word' id='word_1_21' title='bbox 1088 700 1139 761; x_wconf 90' lang='lat' dir='ltr'>est</span> <span class='ocrx_word' id='word_1_22' title='bbox 1166 696 1281 761; x_wconf 88' lang='lat' dir='ltr'>habere</span> 
     </span>
     <span class='ocr_line' id='line_1_4' title="bbox 125 804 1173 888; baseline -0.001 -19"><span class='ocrx_word' id='word_1_23' title='bbox 125 806 264 871; x_wconf 78' lang='lat' dir='ltr'>Zachaei</span> <span class='ocrx_word' id='word_1_24' title='bbox 287 809 441 871; x_wconf 83' lang='lat' dir='ltr'>staturam</span> <span class='ocrx_word' id='word_1_25' title='bbox 467 824 538 870; x_wconf 92' lang='lat' dir='ltr'>cum</span> <span class='ocrx_word' id='word_1_26' title='bbox 563 806 699 871; x_wconf 87' lang='lat' dir='ltr'>sanitate</span> <span class='ocrx_word' id='word_1_27' title='bbox 723 825 820 888; x_wconf 90' lang='lat' dir='ltr'>quam</span> <span class='ocrx_word' id='word_1_28' title='bbox 844 804 955 870; x_wconf 88' lang='lat' dir='ltr'>Goliae</span> <span class='ocrx_word' id='word_1_29' title='bbox 979 823 1052 869; x_wconf 89' lang='lat' dir='ltr'>cum</span> <span class='ocrx_word' id='word_1_30' title='bbox 1075 804 1173 869; x_wconf 81' lang='lat' dir='ltr'><strong>febre.</strong></span> 
     </span>
     <span class='ocr_line' id='line_1_5' title="bbox 172 909 1279 996; baseline -0.004 -19"><span class='ocrx_word' id='word_1_31' title='bbox 172 914 227 977; x_wconf 86' lang='lat'>30.</span> <span class='ocrx_word' id='word_1_32' title='bbox 247 914 344 977; x_wconf 86' lang='lat' dir='ltr'>Recte</span> <span class='ocrx_word' id='word_1_33' title='bbox 361 914 453 996; x_wconf 88' lang='lat' dir='ltr'>plane</span> <span class='ocrx_word' id='word_1_34' title='bbox 469 912 641 994; x_wconf 90' lang='lat' dir='ltr'>quaeritur,</span> <span class='ocrx_word' id='word_1_35' title='bbox 656 932 718 977; x_wconf 89' lang='lat' dir='ltr'>non</span> <span class='ocrx_word' id='word_1_36' title='bbox 737 914 846 978; x_wconf 91' lang='lat' dir='ltr'>utrum</span> <span class='ocrx_word' id='word_1_37' title='bbox 865 911 1055 977; x_wconf 85' lang='lat' dir='ltr'>omnimodis</span> <span class='ocrx_word' id='word_1_38' title='bbox 1074 909 1279 975; x_wconf 80' lang='lat' dir='ltr'>inoboediens</span> 
     </span>
     <span class='ocr_line' id='line_1_6' title="bbox 82 1016 1278 1105; baseline -0.001 -25"><span class='ocrx_word' id='word_1_39' title='bbox 82 1042 99 1080; x_wconf 86' lang='lat' dir='ltr'>s</span> <span class='ocrx_word' id='word_1_40' title='bbox 121 1020 218 1103; x_wconf 89' lang='lat' dir='ltr'>uirgo</span> <span class='ocrx_word' id='word_1_41' title='bbox 238 1020 426 1105; x_wconf 82' lang='lat' dir='ltr'>coniugatus</span> <span class='ocrx_word' id='word_1_42' title='bbox 446 1018 635 1097; x_wconf 78' lang='lat' dir='ltr'>oboedienti,</span> <span class='ocrx_word' id='word_1_43' title='bbox 656 1016 712 1084; x_wconf 90' lang='lat' dir='ltr'>sed</span> <span class='ocrx_word' id='word_1_44' title='bbox 732 1018 836 1083; x_wconf 91' lang='lat' dir='ltr'>minus</span> <span class='ocrx_word' id='word_1_45' title='bbox 857 1018 1027 1084; x_wconf 86' lang='lat' dir='ltr'>oboediens</span> <span class='ocrx_word' id='word_1_46' title='bbox 1048 1016 1278 1083; x_wconf 88' lang='lat' dir='ltr'>oboedientiori</span> 
     </span>
     <span class='ocr_line' id='line_1_7' title="bbox 125 1122 1278 1210; baseline -0.003 -19"><span class='ocrx_word' id='word_1_47' title='bbox 125 1126 328 1210; x_wconf 90' lang='lat' dir='ltr'>conparanda</span> <span class='ocrx_word' id='word_1_48' title='bbox 358 1127 410 1206; x_wconf 87' lang='lat' dir='ltr'>sit,</span> <span class='ocrx_word' id='word_1_49' title='bbox 444 1126 519 1209; x_wconf 90' lang='lat' dir='ltr'>quia</span> <span class='ocrx_word' id='word_1_50' title='bbox 553 1129 584 1191; x_wconf 90' lang='lat' dir='ltr'>et</span> <span class='ocrx_word' id='word_1_51' title='bbox 616 1125 671 1190; x_wconf 89' lang='lat' dir='ltr'>illa</span> <span class='ocrx_word' id='word_1_52' title='bbox 703 1125 857 1209; x_wconf 87' lang='lat' dir='ltr'>nuptialis</span> <span class='ocrx_word' id='word_1_53' title='bbox 891 1125 1023 1189; x_wconf 87' lang='lat' dir='ltr'>castitas</span> <span class='ocrx_word' id='word_1_54' title='bbox 1056 1127 1107 1188; x_wconf 88' lang='lat' dir='ltr'>est</span> <span class='ocrx_word' id='word_1_55' title='bbox 1143 1127 1176 1188; x_wconf 88' lang='lat' dir='ltr'>et</span> <span class='ocrx_word' id='word_1_56' title='bbox 1208 1122 1278 1188; x_wconf 92' lang='lat' dir='ltr'>ideo</span> 
     </span>
     <span class='ocr_line' id='line_1_8' title="bbox 126 1231 1278 1316; baseline -0.002 -19"><span class='ocrx_word' id='word_1_57' title='bbox 126 1234 248 1299; x_wconf 93' lang='lat' dir='ltr'>bonum</span> <span class='ocrx_word' id='word_1_58' title='bbox 277 1238 335 1313; x_wconf 88' lang='lat' dir='ltr'>est,</span> <span class='ocrx_word' id='word_1_59' title='bbox 360 1234 417 1299; x_wconf 89' lang='lat' dir='ltr'>sed</span> <span class='ocrx_word' id='word_1_60' title='bbox 445 1234 547 1299; x_wconf 89' lang='lat' dir='ltr'>minor</span> <span class='ocrx_word' id='word_1_61' title='bbox 575 1252 669 1315; x_wconf 88' lang='lat' dir='ltr'>quam</span> <span class='ocrx_word' id='word_1_62' title='bbox 692 1232 871 1316; x_wconf 86' lang='lat' dir='ltr'>uirginalis.</span> <span class='ocrx_word' id='word_1_63' title='bbox 909 1235 998 1296; x_wconf 87' lang='lat' dir='ltr'>tanto</span> <span class='ocrx_word' id='word_1_64' title='bbox 1022 1250 1096 1315; x_wconf 84' lang='lat' dir='ltr'>ergo</span> <span class='ocrx_word' id='word_1_65' title='bbox 1119 1231 1224 1295; x_wconf 90' lang='lat' dir='ltr'>minor</span> <span class='ocrx_word' id='word_1_66' title='bbox 1247 1231 1278 1295; x_wconf 93' lang='lat' dir='ltr'>in</span> 
     </span>
     <span class='ocr_line' id='line_1_9' title="bbox 124 1336 1280 1422; baseline -0.003 -19"><span class='ocrx_word' id='word_1_67' title='bbox 124 1339 210 1405; x_wconf 92' lang='lat' dir='ltr'>bono</span> <span class='ocrx_word' id='word_1_68' title='bbox 240 1338 468 1419; x_wconf 89' lang='lat' dir='ltr'>oboedientiae,</span> <span class='ocrx_word' id='word_1_69' title='bbox 493 1342 610 1422; x_wconf 89' lang='lat' dir='ltr'>quanto</span> <span class='ocrx_word' id='word_1_70' title='bbox 640 1338 741 1404; x_wconf 89' lang='lat' dir='ltr'>maior</span> <span class='ocrx_word' id='word_1_71' title='bbox 768 1338 800 1402; x_wconf 92' lang='lat' dir='ltr'>in</span> <span class='ocrx_word' id='word_1_72' title='bbox 828 1338 910 1402; x_wconf 92' lang='lat' dir='ltr'>bono</span> <span class='ocrx_word' id='word_1_73' title='bbox 935 1337 1104 1415; x_wconf 86' lang='lat' dir='ltr'>castitatis,</span> <span class='ocrx_word' id='word_1_74' title='bbox 1130 1336 1156 1401; x_wconf 92' lang='lat' dir='ltr'>si</span> <span class='ocrx_word' id='word_1_75' title='bbox 1180 1338 1280 1401; x_wconf 91' lang='lat' dir='ltr'>altera</span> 
     </span>
     <span class='ocr_line' id='line_1_10' title="bbox 123 1443 1278 1529; baseline -0.003 -19"><span class='ocrx_word' id='word_1_76' title='bbox 123 1446 219 1510; x_wconf 89' lang='lat' dir='ltr'>alteri</span> <span class='ocrx_word' id='word_1_77' title='bbox 257 1450 453 1529; x_wconf 88' lang='lat' dir='ltr'>conparetur,</span> <span class='ocrx_word' id='word_1_78' title='bbox 487 1464 567 1529; x_wconf 87' lang='lat' dir='ltr'>quae</span> <span class='ocrx_word' id='word_1_79' title='bbox 599 1444 819 1528; x_wconf 87' lang='lat' dir='ltr'>praeponenda</span> <span class='ocrx_word' id='word_1_80' title='bbox 851 1444 893 1507; x_wconf 90' lang='lat' dir='ltr'>sit</span> <span class='ocrx_word' id='word_1_81' title='bbox 931 1443 1054 1508; x_wconf 90' lang='lat' dir='ltr'>indicat</span> <span class='ocrx_word' id='word_1_82' title='bbox 1090 1445 1146 1526; x_wconf 92' lang='lat' dir='ltr'>qui</span> <span class='ocrx_word' id='word_1_83' title='bbox 1178 1443 1278 1526; x_wconf 91' lang='lat' dir='ltr'>primo</span> 
     </span>
     <span class='ocr_line' id='line_1_11' title="bbox 72 1550 1279 1635; baseline 0.003 -24"><span class='ocrx_word' id='word_1_84' title='bbox 72 1576 100 1613; x_wconf 80' lang='grc' dir='ltr'>ιο</span> <span class='ocrx_word' id='word_1_85' title='bbox 123 1552 230 1635; x_wconf 85' lang='lat' dir='ltr'>ipsam</span> <span class='ocrx_word' id='word_1_86' title='bbox 245 1555 425 1617; x_wconf 78' lang='lat' dir='ltr'>castitatem</span> <span class='ocrx_word' id='word_1_87' title='bbox 440 1555 472 1618; x_wconf 92' lang='lat' dir='ltr'>et</span> <span class='ocrx_word' id='word_1_88' title='bbox 487 1552 719 1618; x_wconf 84' lang='lat' dir='ltr'>oboedientiam</span> <span class='ocrx_word' id='word_1_89' title='bbox 735 1570 907 1633; x_wconf 86' lang='lat' dir='ltr'>conparans</span> <span class='ocrx_word' id='word_1_90' title='bbox 922 1550 1013 1615; x_wconf 91' lang='lat' dir='ltr'>uidet</span> <span class='ocrx_word' id='word_1_91' title='bbox 1022 1550 1163 1615; x_wconf 92' lang='lat' dir='ltr'>omnium</span> <span class='ocrx_word' id='word_1_92' title='bbox 1178 1551 1279 1615; x_wconf 88' lang='lat' dir='ltr'>uirtu-</span> 
     </span>
     <span class='ocr_line' id='line_1_12' title="bbox 122 1657 1278 1742; baseline -0.003 -17"><span class='ocrx_word' id='word_1_93' title='bbox 122 1665 196 1725; x_wconf 91' lang='lat' dir='ltr'>tum</span> <span class='ocrx_word' id='word_1_94' title='bbox 230 1660 368 1742; x_wconf 86' lang='lat' dir='ltr'>quodam</span> <span class='ocrx_word' id='word_1_95' title='bbox 399 1659 492 1724; x_wconf 91' lang='lat' dir='ltr'>modo</span> <span class='ocrx_word' id='word_1_96' title='bbox 525 1662 661 1723; x_wconf 87' lang='lat' dir='ltr'>matrem</span> <span class='ocrx_word' id='word_1_97' title='bbox 689 1677 759 1723; x_wconf 87' lang='lat' dir='ltr'>esse</span> <span class='ocrx_word' id='word_1_98' title='bbox 789 1657 1029 1722; x_wconf 89' lang='lat' dir='ltr'>oboedientiam.</span> <span class='ocrx_word' id='word_1_99' title='bbox 1070 1676 1106 1721; x_wconf 90' lang='lat' dir='ltr'>ac</span> <span class='ocrx_word' id='word_1_100' title='bbox 1134 1677 1190 1738; x_wconf 91' lang='lat' dir='ltr'>per</span> <span class='ocrx_word' id='word_1_101' title='bbox 1217 1657 1278 1722; x_wconf 93' lang='lat' dir='ltr'>hoc</span> 
     </span>
     <span class='ocr_line' id='line_1_13' title="bbox 122 1763 1276 1848; baseline -0.001 -19"><span class='ocrx_word' id='word_1_102' title='bbox 122 1768 197 1831; x_wconf 90' lang='lat' dir='ltr'>ideo</span> <span class='ocrx_word' id='word_1_103' title='bbox 226 1770 429 1848; x_wconf 84' lang='lat' dir='ltr'>potestesse</span> <span class='ocrx_word' id='word_1_104' title='bbox 459 1765 660 1831; x_wconf 86' lang='lat' dir='ltr'>oboedientia</span> <span class='ocrx_word' id='word_1_105' title='bbox 688 1766 755 1831; x_wconf 89' lang='lat' dir='ltr'>sine</span> <span class='ocrx_word' id='word_1_106' title='bbox 784 1764 977 1848; x_wconf 85' lang='lat' dir='ltr'>uirginitate,</span> <span class='ocrx_word' id='word_1_107' title='bbox 1007 1763 1082 1845; x_wconf 90' lang='lat' dir='ltr'>quia</span> <span class='ocrx_word' id='word_1_108' title='bbox 1109 1763 1276 1846; x_wconf 82' lang='lat' dir='ltr'>uirginitas</span> 
     </span>
     <span class='ocr_line' id='line_1_14' title="bbox 123 1869 1275 1955; baseline -0.003 -18"><span class='ocrx_word' id='word_1_109' title='bbox 123 1892 161 1937; x_wconf 83' lang='lat' dir='ltr'>ex</span> <span class='ocrx_word' id='word_1_110' title='bbox 195 1873 327 1939; x_wconf 90' lang='lat' dir='ltr'>consilio</span> <span class='ocrx_word' id='word_1_111' title='bbox 361 1876 421 1953; x_wconf 90' lang='lat' dir='ltr'>est,</span> <span class='ocrx_word' id='word_1_112' title='bbox 450 1893 512 1939; x_wconf 91' lang='lat' dir='ltr'>non</span> <span class='ocrx_word' id='word_1_113' title='bbox 546 1892 582 1937; x_wconf 85' lang='lat' dir='ltr'>er</span> <span class='ocrx_word' id='word_1_114' title='bbox 614 1874 791 1955; x_wconf 88' lang='lat' dir='ltr'>praecepto.</span> <span class='ocrx_word' id='word_1_115' title='bbox 817 1870 1048 1937; x_wconf 87' lang='lat' dir='ltr'>oboedientiam</span> <span class='ocrx_word' id='word_1_116' title='bbox 1081 1888 1156 1935; x_wconf 81' lang='lat' dir='ltr'>nmo</span> <span class='ocrx_word' id='word_1_117' title='bbox 1188 1869 1275 1934; x_wconf 89' lang='lat' dir='ltr'>illam</span> 
     </span>
     <span class='ocr_line' id='line_1_15' title="bbox 123 1975 1277 2064; baseline -0.003 -20"><span class='ocrx_word' id='word_1_118' title='bbox 123 1980 208 2057; x_wconf 87' lang='lat' dir='ltr'>dico,</span> <span class='ocrx_word' id='word_1_119' title='bbox 233 1999 296 2063; x_wconf 88' lang='lat' dir='ltr'>qua</span> <span class='ocrx_word' id='word_1_120' title='bbox 322 1980 499 2064; x_wconf 76' lang='lat' dir='ltr'>praeceptis</span> <span class='ocrx_word' id='word_1_121' title='bbox 529 1980 774 2063; x_wconf 89' lang='lat' dir='ltr'>obtemperatur.</span> <span class='ocrx_word' id='word_1_122' title='bbox 808 1977 942 2059; x_wconf 88' lang='lat' dir='ltr'>ideoque</span> <span class='ocrx_word' id='word_1_123' title='bbox 967 1975 1168 2041; x_wconf 89' lang='lat' dir='ltr'>oboedientia</span> <span class='ocrx_word' id='word_1_124' title='bbox 1190 1996 1277 2059; x_wconf 87' lang='lat' dir='ltr'>prae·</span> 
     </span>
     <span class='ocr_line' id='line_1_16' title="bbox 73 2083 1277 2171; baseline -0.002 -22"><span class='ocrx_word' id='word_1_125' title='bbox 73 2112 101 2151; x_wconf 74' lang='lat' dir='ltr'>rs</span> <span class='ocrx_word' id='word_1_126' title='bbox 123 2092 290 2170; x_wconf 82' lang='lat' dir='ltr'>ceptorum</span> <span class='ocrx_word' id='word_1_127' title='bbox 323 2088 391 2152; x_wconf 89' lang='lat' dir='ltr'>sine</span> <span class='ocrx_word' id='word_1_128' title='bbox 424 2086 609 2171; x_wconf 83' lang='lat' dir='ltr'>uirginitate</span> <span class='ocrx_word' id='word_1_129' title='bbox 643 2086 771 2169; x_wconf 88' lang='lat' dir='ltr'>quidem</span> <span class='ocrx_word' id='word_1_130' title='bbox 799 2088 917 2167; x_wconf 86' lang='lat' dir='ltr'>potest,</span> <span class='ocrx_word' id='word_1_131' title='bbox 948 2083 1003 2149; x_wconf 91' lang='lat' dir='ltr'>sed</span> <span class='ocrx_word' id='word_1_132' title='bbox 1033 2083 1100 2148; x_wconf 90' lang='lat' dir='ltr'>sine</span> <span class='ocrx_word' id='word_1_133' title='bbox 1129 2084 1277 2147; x_wconf 89' lang='lat' dir='ltr'>castitate</span> 
     </span>
     <span class='ocr_line' id='line_1_17' title="bbox 121 2189 1274 2277; baseline -0.004 -19"><span class='ocrx_word' id='word_1_134' title='bbox 121 2213 282 2259; x_wconf 86' lang='lat' dir='ltr'>essenon</span> <span class='ocrx_word' id='word_1_135' title='bbox 306 2197 421 2277; x_wconf 89' lang='lat' dir='ltr'>potest.</span> <span class='ocrx_word' id='word_1_136' title='bbox 446 2194 486 2257; x_wconf 89' lang='lat' dir='ltr'>ad</span> <span class='ocrx_word' id='word_1_137' title='bbox 510 2193 690 2259; x_wconf 85' lang='lat' dir='ltr'>castitatem</span> <span class='ocrx_word' id='word_1_138' title='bbox 714 2212 849 2275; x_wconf 89' lang='lat' dir='ltr'>namque</span> <span class='ocrx_word' id='word_1_139' title='bbox 873 2192 1011 2274; x_wconf 86' lang='lat' dir='ltr'>pertinet</span> <span class='ocrx_word' id='word_1_140' title='bbox 1035 2209 1096 2255; x_wconf 88' lang='lat' dir='ltr'>non</span> <span class='ocrx_word' id='word_1_141' title='bbox 1115 2189 1274 2267; x_wconf 86' lang='lat' dir='ltr'>fornicari,</span> 
     </span>
     <span class='ocr_line' id='line_1_18' title="bbox 121 2296 1274 2387; baseline -0.004 -22"><span class='ocrx_word' id='word_1_142' title='bbox 121 2320 187 2366; x_wconf 91' lang='lat' dir='ltr'>non</span> <span class='ocrx_word' id='word_1_143' title='bbox 209 2301 381 2387; x_wconf 86' lang='lat' dir='ltr'>moechari,</span> <span class='ocrx_word' id='word_1_144' title='bbox 405 2301 491 2367; x_wconf 89' lang='lat' dir='ltr'>nullo</span> <span class='ocrx_word' id='word_1_145' title='bbox 515 2300 638 2365; x_wconf 90' lang='lat' dir='ltr'>inlicito</span> <span class='ocrx_word' id='word_1_146' title='bbox 663 2299 835 2365; x_wconf 87' lang='lat' dir='ltr'>concubitu</span> <span class='ocrx_word' id='word_1_147' title='bbox 854 2296 1019 2362; x_wconf 85' lang='lat' dir='ltr'>maculari:</span> <span class='ocrx_word' id='word_1_148' title='bbox 1040 2316 1120 2379; x_wconf 87' lang='lat' dir='ltr'>qnae</span> <span class='ocrx_word' id='word_1_149' title='bbox 1140 2296 1274 2378; x_wconf 91' lang='lat' dir='ltr'>quinon</span> 
     </span>
     <span class='ocr_line' id='line_1_19' title="bbox 120 2402 1275 2490; baseline -0.004 -18"><span class='ocrx_word' id='word_1_150' title='bbox 120 2408 304 2485; x_wconf 87' lang='lat' dir='ltr'>obseruaut,</span> <span class='ocrx_word' id='word_1_151' title='bbox 335 2411 442 2473; x_wconf 89' lang='lat' dir='ltr'>contra</span> <span class='ocrx_word' id='word_1_152' title='bbox 473 2410 642 2490; x_wconf 88' lang='lat' dir='ltr'>praecepta</span> <span class='ocrx_word' id='word_1_153' title='bbox 673 2406 723 2471; x_wconf 88' lang='lat' dir='ltr'>dei</span> <span class='ocrx_word' id='word_1_154' title='bbox 755 2405 879 2469; x_wconf 81' lang='lat' dir='ltr'>faciunt</span> <span class='ocrx_word' id='word_1_155' title='bbox 910 2413 942 2468; x_wconf 94' lang='lat' dir='ltr'>et</span> <span class='ocrx_word' id='word_1_156' title='bbox 975 2404 1014 2469; x_wconf 95' lang='lat' dir='ltr'>ob</span> <span class='ocrx_word' id='word_1_157' title='bbox 1047 2402 1108 2467; x_wconf 88' lang='lat' dir='ltr'>hoc</span> <span class='ocrx_word' id='word_1_158' title='bbox 1136 2406 1275 2467; x_wconf 79' lang='lat' dir='ltr'>extorres</span> 
     </span>
     <span class='ocr_line' id='line_1_20' title="bbox 121 2510 1278 2597; baseline -0.005 -18"><span class='ocrx_word' id='word_1_159' title='bbox 121 2519 242 2580; x_wconf 88' lang='lat' dir='ltr'>sunta</span> <span class='ocrx_word' id='word_1_160' title='bbox 264 2514 385 2577; x_wconf 87' lang='lat' dir='ltr'>uirtute</span> <span class='ocrx_word' id='word_1_161' title='bbox 409 2512 637 2578; x_wconf 89' lang='lat' dir='ltr'>oboedientiae.</span> <span class='ocrx_word' id='word_1_162' title='bbox 662 2510 832 2597; x_wconf 87' lang='lat' dir='ltr'>uirginitas</span> <span class='ocrx_word' id='word_1_163' title='bbox 857 2515 965 2575; x_wconf 89' lang='lat' dir='ltr'>autem</span> <span class='ocrx_word' id='word_1_164' title='bbox 983 2518 1150 2592; x_wconf 88' lang='lat' dir='ltr'>propterea</span> <span class='ocrx_word' id='word_1_165' title='bbox 1167 2513 1278 2591; x_wconf 89' lang='lat' dir='ltr'>potest</span> 
     </span>
     <span class='ocr_line' id='line_1_21' title="bbox 70 2616 1275 2702; baseline -0.003 -18"><span class='ocrx_word' id='word_1_166' title='bbox 70 2640 197 2686; x_wconf 83' lang='lat' dir='ltr'>suessa</span> <span class='ocrx_word' id='word_1_167' title='bbox 225 2621 291 2685; x_wconf 87' lang='lat' dir='ltr'>sinc</span> <span class='ocrx_word' id='word_1_168' title='bbox 315 2619 525 2697; x_wconf 88' lang='lat' dir='ltr'>oboedientia,</span> <span class='ocrx_word' id='word_1_169' title='bbox 550 2620 625 2702; x_wconf 88' lang='lat' dir='ltr'>quia</span> <span class='ocrx_word' id='word_1_170' title='bbox 647 2622 754 2701; x_wconf 88' lang='lat' dir='ltr'>potest</span> <span class='ocrx_word' id='word_1_171' title='bbox 777 2618 895 2683; x_wconf 83' lang='lat' dir='ltr'>femina</span> <span class='ocrx_word' id='word_1_172' title='bbox 918 2617 1052 2681; x_wconf 89' lang='lat' dir='ltr'>consilio</span> <span class='ocrx_word' id='word_1_173' title='bbox 1080 2616 1275 2700; x_wconf 84' lang='lat' dir='ltr'>uirginitatis</span> 
     </span>
     <span class='ocr_line' id='line_1_22' title="bbox 119 2722 1275 2811; baseline -0.003 -19"><span class='ocrx_word' id='word_1_174' title='bbox 119 2731 254 2811; x_wconf 87' lang='lat' dir='ltr'>accepto</span> <span class='ocrx_word' id='word_1_175' title='bbox 284 2730 317 2792; x_wconf 90' lang='lat' dir='ltr'>et</span> <span class='ocrx_word' id='word_1_176' title='bbox 344 2727 504 2793; x_wconf 87' lang='lat' dir='ltr'>custodita</span> <span class='ocrx_word' id='word_1_177' title='bbox 531 2726 714 2811; x_wconf 86' lang='lat' dir='ltr'>uirginitate</span> <span class='ocrx_word' id='word_1_178' title='bbox 747 2728 916 2810; x_wconf 89' lang='lat' dir='ltr'>praecepta</span> <span class='ocrx_word' id='word_1_179' title='bbox 943 2727 1156 2788; x_wconf 86' lang='lat' dir='ltr'>contemnere:</span> <span class='ocrx_word' id='word_1_180' title='bbox 1190 2722 1275 2788; x_wconf 89' lang='lat' dir='ltr'>sicut</span> 
     </span>
     <span class='ocr_line' id='line_1_23' title="bbox 118 2828 1273 2917; baseline -0.006 -18"><span class='ocrx_word' id='word_1_181' title='bbox 118 2834 242 2899; x_wconf 88' lang='lat' dir='ltr'>multas</span> <span class='ocrx_word' id='word_1_182' title='bbox 270 2853 374 2899; x_wconf 89' lang='lat' dir='ltr'>sacras</span> <span class='ocrx_word' id='word_1_183' title='bbox 402 2834 543 2917; x_wconf 84' lang='lat' dir='ltr'>uirgines</span> <span class='ocrx_word' id='word_1_184' title='bbox 571 2833 720 2898; x_wconf 90' lang='lat' dir='ltr'>nouimus</span> <span class='ocrx_word' id='word_1_185' title='bbox 750 2832 911 2909; x_wconf 79' lang='lat' dir='ltr'>aethusas,</span> <span class='ocrx_word' id='word_1_186' title='bbox 940 2829 1092 2907; x_wconf 86' lang='lat' dir='ltr'>curiosas,</span> <span class='ocrx_word' id='word_1_187' title='bbox 1121 2828 1273 2906; x_wconf 85' lang='lat' dir='ltr'>ebriosas,</span> 
     </span>
     <span class='ocr_line' id='line_1_24' title="bbox 118 2938 1274 3025; baseline -0.005 -20"><span class='ocrx_word' id='word_1_188' title='bbox 118 2941 292 3025; x_wconf 83' lang='lat' dir='ltr'>litigiosas,</span> <span class='ocrx_word' id='word_1_189' title='bbox 331 2960 452 3019; x_wconf 87' lang='lat' dir='ltr'>auarus,</span> <span class='ocrx_word' id='word_1_190' title='bbox 491 2941 659 3023; x_wconf 86' lang='lat' dir='ltr'>superbas:</span> <span class='ocrx_word' id='word_1_191' title='bbox 697 2958 777 3023; x_wconf 88' lang='lat' dir='ltr'>quac</span> <span class='ocrx_word' id='word_1_192' title='bbox 816 2938 921 3003; x_wconf 89' lang='lat' dir='ltr'>omnia</span> <span class='ocrx_word' id='word_1_193' title='bbox 962 2940 1072 3003; x_wconf 80' lang='lat' dir='ltr'>oontm</span> <span class='ocrx_word' id='word_1_194' title='bbox 1106 2940 1274 3019; x_wconf 89' lang='lat' dir='ltr'>praecepta</span> 
     </span>
     <span class='ocr_line' id='line_1_25' title="bbox 119 3041 1273 3131; baseline -0.006 -18"><span class='ocrx_word' id='word_1_195' title='bbox 119 3053 198 3113; x_wconf 89' lang='lat' dir='ltr'>sunt</span> <span class='ocrx_word' id='word_1_196' title='bbox 226 3052 259 3112; x_wconf 91' lang='lat' dir='ltr'>et</span> <span class='ocrx_word' id='word_1_197' title='bbox 287 3049 372 3113; x_wconf 88' lang='lat' dir='ltr'>sicut</span> <span class='ocrx_word' id='word_1_198' title='bbox 399 3048 501 3131; x_wconf 87' lang='lat' dir='ltr'>ipsam</span> <span class='ocrx_word' id='word_1_199' title='bbox 533 3048 632 3113; x_wconf 81' lang='lat' dir='ltr'>Euam</span> <span class='ocrx_word' id='word_1_200' title='bbox 666 3045 919 3112; x_wconf 87' lang='lat' dir='ltr'>inoboedientiae</span> <span class='ocrx_word' id='word_1_201' title='bbox 952 3043 1081 3107; x_wconf 86' lang='lat' dir='ltr'>crimine</span> <span class='ocrx_word' id='word_1_202' title='bbox 1113 3041 1273 3106; x_wconf 89' lang='lat' dir='ltr'>occidunt.</span> 
     </span>
     <span class='ocr_line' id='line_1_26' title="bbox 68 3147 1275 3239; baseline -0.004 -24"><span class='ocrx_word' id='word_1_203' title='bbox 68 3177 99 3215; x_wconf 74' lang='lat' dir='ltr'>ss</span> <span class='ocrx_word' id='word_1_204' title='bbox 117 3158 315 3239; x_wconf 85' lang='lat' dir='ltr'>quapropter</span> <span class='ocrx_word' id='word_1_205' title='bbox 331 3174 393 3219; x_wconf 90' lang='lat' dir='ltr'>non</span> <span class='ocrx_word' id='word_1_206' title='bbox 414 3156 517 3219; x_wconf 89' lang='lat' dir='ltr'>solum</span> <span class='ocrx_word' id='word_1_207' title='bbox 538 3154 708 3219; x_wconf 91' lang='lat' dir='ltr'>oboediens</span> <span class='ocrx_word' id='word_1_208' title='bbox 731 3150 956 3225; x_wconf 89' lang='lat' dir='ltr'>inoboedienti‚</span> <span class='ocrx_word' id='word_1_209' title='bbox 977 3149 1033 3214; x_wconf 88' lang='lat' dir='ltr'>sed</span> <span class='ocrx_word' id='word_1_210' title='bbox 1057 3147 1275 3213; x_wconf 86' lang='lat' dir='ltr'>oboedientior</span> 
     </span>
     <span class='ocr_line' id='line_1_27' title="bbox 117 3257 1087 3345; baseline -0.01 -17"><span class='ocrx_word' id='word_1_211' title='bbox 117 3263 292 3345; x_wconf 83' lang='lat' dir='ltr'>coniugata</span> <span class='ocrx_word' id='word_1_212' title='bbox 315 3262 419 3326; x_wconf 89' lang='lat' dir='ltr'>minus</span> <span class='ocrx_word' id='word_1_213' title='bbox 444 3260 624 3325; x_wconf 90' lang='lat' dir='ltr'>oboedienti</span> <span class='ocrx_word' id='word_1_214' title='bbox 646 3259 763 3343; x_wconf 89' lang='lat' dir='ltr'>uirgini</span> <span class='ocrx_word' id='word_1_215' title='bbox 787 3257 1005 3342; x_wconf 88' lang='lat' dir='ltr'>praeponenda</span> <span class='ocrx_word' id='word_1_216' title='bbox 1029 3258 1087 3319; x_wconf 90' lang='lat' dir='ltr'>est.</span> 
     </span>
    </p>
   </div>
   <div class='ocr_carea' id='block_1_3' title="bbox 114 3581 1274 4361">
    <p class='ocr_par' dir='ltr' id='par_1_3' title="bbox 153 3581 1272 3662">
     <span class='ocr_line' id='line_1_28' title="bbox 153 3581 1272 3662; baseline -0.013 -15"><span class='ocrx_word' id='word_1_217' title='bbox 153 3596 170 3648; x_wconf 84' lang='lat'>2</span> <span class='ocrx_word' id='word_1_218' title='bbox 185 3593 307 3662; x_wconf 85' lang='lat' dir='ltr'>corporis</span> <span class='ocrx_word' id='word_1_219' title='bbox 323 3592 384 3662; x_wconf 59' lang='lat'>0¹7¹</span> <span class='ocrx_word' id='word_1_220' title='bbox 398 3589 554 3661; x_wconf 85' lang='lat' dir='ltr'>corporibus</span> <span class='ocrx_word' id='word_1_221' title='bbox 572 3588 836 3659; x_wconf 58' lang='lat' dir='ltr'>Gammausa</span> <span class='ocrx_word' id='word_1_222' title='bbox 851 3585 1033 3656; x_wconf 85' lang='lat' dir='ltr'>corporalibus</span> <span class='ocrx_word' id='word_1_223' title='bbox 1047 3585 1077 3638; x_wconf 89' lang='lat' dir='ltr'><em>D</em></span> <span class='ocrx_word' id='word_1_224' title='bbox 1092 3599 1218 3652; x_wconf 90' lang='lat' dir='ltr'>corpores</span> <span class='ocrx_word' id='word_1_225' title='bbox 1233 3581 1272 3633; x_wconf 73' lang='lat' dir='ltr'>Bl</span> 
     </span>
    </p>

    <p class='ocr_par' dir='ltr' id='par_1_4' title="bbox 114 3669 1274 4361">
     <span class='ocr_line' id='line_1_29' title="bbox 115 3669 1274 3751; baseline -0.013 -14"><span class='ocrx_word' id='word_1_226' title='bbox 115 3684 198 3737; x_wconf 88' lang='lat' dir='ltr'>bonis</span> <span class='ocrx_word' id='word_1_227' title='bbox 218 3683 243 3751; x_wconf 84' lang='lat' dir='ltr'>(s</span> <span class='ocrx_word' id='word_1_228' title='bbox 261 3683 294 3734; x_wconf 82' lang='lat' dir='ltr'>s&#39;n</span> <span class='ocrx_word' id='word_1_229' title='bbox 311 3683 379 3747; x_wconf 83' lang='lat' dir='ltr'>raa.)</span> <span class='ocrx_word' id='word_1_230' title='bbox 402 3679 426 3733; x_wconf 79' lang='lat'><strong><em>0</em></strong></span> <span class='ocrx_word' id='word_1_231' title='bbox 519 3680 535 3732; x_wconf 91' lang='lat'>3</span> <span class='ocrx_word' id='word_1_232' title='bbox 555 3678 646 3733; x_wconf 86' lang='lat' dir='ltr'>zachei</span> <span class='ocrx_word' id='word_1_233' title='bbox 665 3678 692 3747; x_wconf 91' lang='lat' dir='ltr'>(b</span> <span class='ocrx_word' id='word_1_234' title='bbox 711 3695 732 3733; x_wconf 86' lang='lat' dir='ltr'>a.</span> <span class='ocrx_word' id='word_1_235' title='bbox 754 3678 783 3745; x_wconf 88' lang='lat' dir='ltr'>l.)</span> <span class='ocrx_word' id='word_1_236' title='bbox 805 3676 834 3741; x_wconf 85' lang='lat' dir='ltr'>C,</span> <span class='ocrx_word' id='word_1_237' title='bbox 852 3674 1069 3747; x_wconf 72' lang='grc' dir='ltr'><em>γΗΛΒΜΕΝα</em></span> <span class='ocrx_word' id='word_1_238' title='bbox 1088 3671 1194 3725; x_wconf 84' lang='lat' dir='ltr'>zacchei</span> <span class='ocrx_word' id='word_1_239' title='bbox 1214 3669 1274 3723; x_wconf 87' lang='lat' dir='ltr'>PK</span> 
     </span>
     <span class='ocr_line' id='line_1_30' title="bbox 114 3759 1272 3840; baseline -0.014 -14"><span class='ocrx_word' id='word_1_240' title='bbox 114 3774 265 3827; x_wconf 82' lang='lat' dir='ltr'>sanitatem</span> <span class='ocrx_word' id='word_1_241' title='bbox 284 3770 316 3823; x_wconf 88' lang='lat' dir='ltr'><strong><em>K</em></strong></span> <span class='ocrx_word' id='word_1_242' title='bbox 404 3770 479 3840; x_wconf 74' lang='lat' dir='ltr'>iebrp</span> <span class='ocrx_word' id='word_1_243' title='bbox 499 3770 530 3823; x_wconf 90' lang='lat' dir='ltr'><strong><em>X</em></strong></span> <span class='ocrx_word' id='word_1_244' title='bbox 607 3766 851 3836; x_wconf 76' lang='lat' dir='ltr'>octoadientiori]</span> <span class='ocrx_word' id='word_1_245' title='bbox 873 3764 1012 3818; x_wconf 86' lang='lat' dir='ltr'>obedienti</span> <span class='ocrx_word' id='word_1_246' title='bbox 1030 3762 1063 3816; x_wconf 86' lang='lat' dir='ltr'><strong><em>K</em></strong></span> <span class='ocrx_word' id='word_1_247' title='bbox 1146 3759 1235 3815; x_wconf 77' lang='lat' dir='ltr'>duint</span> <span class='ocrx_word' id='word_1_248' title='bbox 1254 3779 1272 3811; x_wconf 88' lang='grc' dir='ltr'><strong><em>α</em></strong></span> 
     </span>
     <span class='ocr_line' id='line_1_31' title="bbox 116 3848 1270 3929; baseline -0.015 -13"><span class='ocrx_word' id='word_1_249' title='bbox 116 3864 245 3916; x_wconf 74' lang='grc' dir='ltr'>Ἱωίῃιιε</span> <span class='ocrx_word' id='word_1_250' title='bbox 259 3876 303 3929; x_wconf 84' lang='lat' dir='ltr'>pr.</span> <span class='ocrx_word' id='word_1_251' title='bbox 323 3859 356 3913; x_wconf 88' lang='lat' dir='ltr'><strong><em>K</em></strong></span> <span class='ocrx_word' id='word_1_252' title='bbox 416 3858 547 3928; x_wconf 76' lang='lat' dir='ltr'>Smaior]</span> <span class='ocrx_word' id='word_1_253' title='bbox 568 3858 656 3911; x_wconf 90' lang='lat' dir='ltr'>minor</span> <span class='ocrx_word' id='word_1_254' title='bbox 674 3856 706 3909; x_wconf 90' lang='lat' dir='ltr'><strong><em>N</em></strong></span> <span class='ocrx_word' id='word_1_255' title='bbox 776 3855 873 3923; x_wconf 77' lang='lat' dir='ltr'>altera]</span> <span class='ocrx_word' id='word_1_256' title='bbox 894 3854 963 3907; x_wconf 79' lang='lat' dir='ltr'>alter</span> <span class='ocrx_word' id='word_1_257' title='bbox 982 3850 1074 3905; x_wconf 90' lang='lat' dir='ltr'>KBN</span> <span class='ocrx_word' id='word_1_258' title='bbox 1146 3848 1270 3903; x_wconf 73' lang='lat' dir='ltr'>taitero</span> 
     </span>
     <span class='ocr_line' id='line_1_32' title="bbox 116 3937 1270 4020; baseline -0.014 -15"><span class='ocrx_word' id='word_1_259' title='bbox 116 3952 273 4020; x_wconf 77' lang='lat' dir='ltr'>(oinraa.</span> <span class='ocrx_word' id='word_1_260' title='bbox 293 3966 327 4002; x_wconf 87' lang='lat' dir='ltr'>m.</span> <span class='ocrx_word' id='word_1_261' title='bbox 347 3952 377 4015; x_wconf 82' lang='grc'>2)</span> <span class='ocrx_word' id='word_1_262' title='bbox 399 3947 429 4011; x_wconf 80' lang='grc'>0,</span> <span class='ocrx_word' id='word_1_263' title='bbox 448 3947 476 4000; x_wconf 87' lang='grc' dir='ltr'><em>Β</em></span> <span class='ocrx_word' id='word_1_264' title='bbox 535 3946 638 4001; x_wconf 88' lang='lat' dir='ltr'>iudicet</span> <span class='ocrx_word' id='word_1_265' title='bbox 657 3946 687 3999; x_wconf 91' lang='lat' dir='ltr'><em>D</em></span> <span class='ocrx_word' id='word_1_266' title='bbox 743 3946 773 3999; x_wconf 94' lang='grc'>11</span> <span class='ocrx_word' id='word_1_267' title='bbox 795 3942 897 3997; x_wconf 89' lang='lat' dir='ltr'>hacK</span> <span class='ocrx_word' id='word_1_268' title='bbox 951 3941 984 3995; x_wconf 88' lang='grc'>14</span> <span class='ocrx_word' id='word_1_269' title='bbox 1003 3958 1055 4010; x_wconf 71' lang='lat' dir='ltr'>qnp</span> <span class='ocrx_word' id='word_1_270' title='bbox 1075 3939 1103 3993; x_wconf 87' lang='lat' dir='ltr'><em>B</em></span> <span class='ocrx_word' id='word_1_271' title='bbox 1164 3937 1270 3990; x_wconf 87' lang='lat' dir='ltr'>obteru-</span> 
     </span>
     <span class='ocr_line' id='line_1_33' title="bbox 115 4026 1270 4111; baseline -0.014 -18"><span class='ocrx_word' id='word_1_272' title='bbox 115 4044 197 4111; x_wconf 85' lang='lat' dir='ltr'>perat</span> <span class='ocrx_word' id='word_1_273' title='bbox 218 4038 268 4093; x_wconf 82' lang='grc' dir='ltr'>ΟΒ</span> <span class='ocrx_word' id='word_1_274' title='bbox 287 4040 490 4106; x_wconf 86' lang='lat' dir='ltr'>optemperatur</span> <span class='ocrx_word' id='word_1_275' title='bbox 507 4036 540 4090; x_wconf 88' lang='lat' dir='ltr'><strong><em>K</em></strong></span> <span class='ocrx_word' id='word_1_276' title='bbox 612 4037 644 4089; x_wconf 81' lang='lat'>17</span> <span class='ocrx_word' id='word_1_277' title='bbox 663 4034 782 4087; x_wconf 84' lang='lat' dir='ltr'>moecari</span> <span class='ocrx_word' id='word_1_278' title='bbox 803 4032 827 4085; x_wconf 83' lang='lat'><em>0</em></span> <span class='ocrx_word' id='word_1_279' title='bbox 843 4030 962 4085; x_wconf 82' lang='lat' dir='ltr'>machari</span> <span class='ocrx_word' id='word_1_280' title='bbox 979 4030 1067 4083; x_wconf 82' lang='lat' dir='ltr'>AEX</span> <span class='ocrx_word' id='word_1_281' title='bbox 1140 4026 1172 4079; x_wconf 90' lang='lat'>18</span> <span class='ocrx_word' id='word_1_282' title='bbox 1193 4042 1270 4095; x_wconf 87' lang='lat' dir='ltr'>prae·</span> 
     </span>
     <span class='ocr_line' id='line_1_34' title="bbox 115 4112 1271 4199; baseline -0.016 -16"><span class='ocrx_word' id='word_1_283' title='bbox 115 4133 228 4199; x_wconf 85' lang='lat' dir='ltr'>ceptum</span> <span class='ocrx_word' id='word_1_284' title='bbox 247 4126 336 4181; x_wconf 85' lang='lat' dir='ltr'>NEX</span> <span class='ocrx_word' id='word_1_285' title='bbox 389 4126 422 4179; x_wconf 89' lang='grc'>20</span> <span class='ocrx_word' id='word_1_286' title='bbox 443 4128 471 4177; x_wconf 90' lang='lat' dir='ltr'>et</span> <span class='ocrx_word' id='word_1_287' title='bbox 489 4124 602 4178; x_wconf 88' lang='lat' dir='ltr'>oonsilio</span> <span class='ocrx_word' id='word_1_288' title='bbox 622 4141 640 4174; x_wconf 84' lang='lat' dir='ltr'>a</span> <span class='ocrx_word' id='word_1_289' title='bbox 694 4123 728 4175; x_wconf 85' lang='lat'>21</span> <span class='ocrx_word' id='word_1_290' title='bbox 748 4122 887 4174; x_wconf 88' lang='lat' dir='ltr'>continere</span> <span class='ocrx_word' id='word_1_291' title='bbox 905 4118 945 4171; x_wconf 83' lang='lat' dir='ltr'>N¹</span> <span class='ocrx_word' id='word_1_292' title='bbox 1007 4118 1041 4169; x_wconf 91' lang='grc'>22</span> <span class='ocrx_word' id='word_1_293' title='bbox 1061 4130 1151 4168; x_wconf 87' lang='lat' dir='ltr'>sacras</span> <span class='ocrx_word' id='word_1_294' title='bbox 1170 4130 1221 4167; x_wconf 89' lang='lat' dir='ltr'>om.</span> <span class='ocrx_word' id='word_1_295' title='bbox 1241 4112 1271 4165; x_wconf 89' lang='lat' dir='ltr'><em>D</em></span> 
     </span>
     <span class='ocr_line' id='line_1_35' title="bbox 115 4200 1269 4285; baseline -0.017 -13"><span class='ocrx_word' id='word_1_296' title='bbox 115 4217 298 4285; x_wconf 79' lang='lat' dir='ltr'>231itigosas</span> <span class='ocrx_word' id='word_1_297' title='bbox 318 4212 405 4268; x_wconf 85' lang='lat' dir='ltr'><strong>H¹M¹</strong></span> <span class='ocrx_word' id='word_1_298' title='bbox 493 4214 666 4282; x_wconf 83' lang='lat' dir='ltr'>praeceptum</span> <span class='ocrx_word' id='word_1_299' title='bbox 685 4208 745 4265; x_wconf 86' lang='lat' dir='ltr'>EX</span> <span class='ocrx_word' id='word_1_300' title='bbox 832 4209 869 4261; x_wconf 84' lang='grc'>24</span> <span class='ocrx_word' id='word_1_301' title='bbox 887 4210 916 4261; x_wconf 91' lang='lat' dir='ltr'>et</span> <span class='ocrx_word' id='word_1_302' title='bbox 934 4223 984 4259; x_wconf 88' lang='lat' dir='ltr'>om.</span> <span class='ocrx_word' id='word_1_303' title='bbox 1004 4203 1084 4257; x_wconf 87' lang='grc' dir='ltr'>ΚΝα</span> <span class='ocrx_word' id='word_1_304' title='bbox 1169 4200 1269 4269; x_wconf 76' lang='lat' dir='ltr'>Euam}</span> 
     </span>
     <span class='ocr_line' id='line_1_36' title="bbox 115 4295 1055 4361; baseline -0.014 -1"><span class='ocrx_word' id='word_1_305' title='bbox 115 4307 202 4361; x_wconf 87' lang='lat' dir='ltr'>etiam</span> <span class='ocrx_word' id='word_1_306' title='bbox 221 4304 253 4359; x_wconf 88' lang='lat' dir='ltr'><strong><em>N</em></strong></span> <span class='ocrx_word' id='word_1_307' title='bbox 324 4303 436 4357; x_wconf 86' lang='lat' dir='ltr'>crimina</span> <span class='ocrx_word' id='word_1_308' title='bbox 454 4300 665 4356; x_wconf 74' lang='lat' dir='ltr'><em>A²H²DMNX</em></span> <span class='ocrx_word' id='word_1_309' title='bbox 737 4298 894 4353; x_wconf 87' lang='lat' dir='ltr'>occiderunt</span> <span class='ocrx_word' id='word_1_310' title='bbox 911 4295 1055 4350; x_wconf 81' lang='lat' dir='ltr'>MENXu</span> 
     </span>
    </p>
   </div>
   <div class='ocr_carea' id='block_1_4' title="bbox 147 4397 1231 4479">
    <p class='ocr_par' dir='ltr' id='par_1_5' title="bbox 147 4397 1231 4479">
     <span class='ocr_line' id='line_1_37' title="bbox 147 4397 1231 4479; baseline -0.021 -8"><span class='ocrx_word' id='word_1_311' title='bbox 147 4430 239 4471; x_wconf 81' lang='lat' dir='ltr'>nxxxr</span> <span class='ocrx_word' id='word_1_312' title='bbox 254 4431 313 4479; x_wconf 61' lang='lat' dir='ltr'>nug.</span> <span class='ocrx_word' id='word_1_313' title='bbox 325 4428 413 4469; x_wconf 74' lang='lat' dir='ltr'>seeav</span> <span class='ocrx_word' id='word_1_314' title='bbox 423 4438 475 4479; x_wconf 77' lang='lat' dir='ltr'>pm</span> <span class='ocrx_word' id='word_1_315' title='bbox 491 4428 533 4468; x_wconf 89' lang='lat'>111.</span> <span class='ocrx_word' id='word_1_316' title='bbox 1200 4397 1231 4449; x_wconf 77' lang='lat'>15</span> 
     </span>
    </p>
   </div>
   <div class='ocr_carea' id='block_1_5' title="bbox 0 0 1560 4959">
    <p class='ocr_par' dir='ltr' id='par_1_6' title="bbox 0 0 1560 4959">
     <span class='ocr_line' id='line_1_38' title="bbox 0 0 1560 4959; baseline 0 3"><span class='ocrx_word' id='word_1_317' title='bbox 0 0 1560 4959; x_wconf 95' lang='lat' dir='ltr'> </span> 
     </span>
    </p>
   </div>
  </div>
 </body>
</html>
