3109 4959
423 493 465 547 dc
494 492 750 548 diuinatione
779 493 1001 548 daemonum
1218 484 1282 562 617

135 688 254 766 omnia;
288 707 344 753 nec
377 687 462 770 quod
486 688 588 752 adhuc
612 689 730 752 audent
752 689 816 772 ipsi
839 691 943 773 pauci,
976 691 1030 772 qui
1053 694 1282 765 remanserunt,
1341 701 1349 711 ’

134 795 320 876 uaniloquas
354 813 429 859 suas
462 798 621 859 ostentare
654 795 813 860 doctrinas
847 800 879 860 et
907 797 1096 860 christianos
1120 799 1283 877 tamquam

132 902 377 984 inperitissimos
409 901 554 979 inridere,
586 902 709 966 moueri
742 902 906 980 debemus,
940 902 1016 967 dum
1044 902 1076 967 in
1100 903 1146 966 cis
1168 902 1283 986 inpleri

134 1028 180 1086 ea,
214 1027 294 1090 quae
317 1007 479 1089 praedicta
503 1011 587 1084 sunt,
618 1007 796 1075 uideamus.
820 1009 891 1091 ipsa
913 1009 1031 1092 quippo
1055 1008 1147 1073 uelut
1168 1010 1281 1091 inperi-

101 1114 196 1178 atiae
229 1113 367 1178 stultitia
400 1113 651 1192 christianorum,
686 1133 766 1196 quae
794 1114 969 1179 humilibus
999 1118 1031 1179 et
1055 1115 1174 1179 sanctis
1198 1115 1281 1180 eius·

133 1239 194 1303 que
219 1220 387 1304 diligenter
410 1220 564 1284 studiosis
588 1221 719 1304 adparet
742 1223 866 1286 excelsa
885 1224 917 1286 st
937 1222 1005 1286 sola
1023 1240 1098 1286 uera
1116 1221 1281 1303 sapientia,

132 1329 213 1410 ipsa,
250 1327 390 1408 inquam,
432 1327 523 1391 uelut
560 1326 699 1392 stultitia
737 1327 981 1393 christianornm
1019 1347 1074 1392 eos
1111 1327 1150 1392 ad
1185 1328 1279 1392 istam

130 1433 326 1516 paucitatem
358 1432 483 1517 redigit,
518 1433 678 1516 quoniam,
703 1433 788 1498 sicut
819 1434 897 1498 dicit
919 1435 1094 1517 apostolus,
1120 1434 1279 1498 stultam

131 1539 228 1604 lecit
260 1540 350 1604 deus
385 1540 612 1621 sapientiam
644 1541 757 1605 huius
790 1541 929 1606 mundi.
967 1541 1079 1605 deindo
1112 1541 1279 1625 subiungit

85 1673 111 1711 to
129 1665 196 1710 rem
221 1647 410 1728 mirabilem,
436 1649 464 1712 si
488 1648 559 1730 quis
583 1649 759 1732 intellegat,
785 1649 886 1712 etita
909 1649 1069 1729 sequitur:
1093 1667 1174 1713 uam
1194 1667 1279 1731 quo-

130 1753 229 1817 niam
262 1754 297 1818 in
331 1754 389 1818 dei
423 1754 612 1837 sapientia
643 1775 713 1820 non
747 1756 934 1839 cognouit
955 1756 1116 1820 mundus
1139 1774 1205 1838 per
1227 1773 1279 1819 sa-

130 1860 312 1943 pientiam
346 1860 463 1939 deum,
496 1860 644 1944 placuit
675 1861 741 1924 ‹leo
766 1880 830 1943 per
853 1860 1066 1925 stultitiam
1090 1860 1279 1943 praedica-

130 1966 250 2030 tionis
270 1966 397 2031 saluos
416 1968 541 2032 facere
561 1967 774 2041 credentes:
796 1967 970 2048 quoniam
984 1967 1133 2049 quidem
1147 1966 1278 2032 Iudaei

131 2073 242 2155 cigna
261 2075 397 2156 petunt
417 2076 453 2137 et
469 2071 603 2138 Graeci
624 2073 849 2156 sapientiam
865 2075 1057 2155 quaerunt,
1074 2089 1139 2137 nos
1154 2075 1278 2137 autern

82 2203 109 2243 ra
128 2179 395 2260 praedicamus
435 2178 627 2244 Christum
665 2179 902 2254 crucifixum,
939 2178 1092 2243 Iudaeis
1128 2178 1278 2261 quidem

129 2285 361 2364 scandalum,
391 2286 569 2369 gentibus
595 2289 718 2350 autem
742 2286 962 2359 stultitiam,
986 2286 1082 2368 ipsis
1106 2305 1194 2350 uero
1218 2305 1278 2350 uo·

128 2393 239 2468 catis,
262 2392 415 2458 Iudaeis
447 2396 485 2457 et
514 2392 679 2472 Graecis,
717 2393 909 2459 Christum
943 2393 1003 2457 dei
1030 2392 1214 2457 uirtutem
1241 2396 1278 2456 et

128 2497 191 2562 dei
211 2499 451 2581 sapientiam
472 2500 647 2582 quoniam
668 2501 766 2584 quod
786 2501 947 2564 stultum
968 2503 1027 2564 est
1046 2499 1115 2577 dei,
1136 2498 1278 2581 sapien-

127 2603 210 2668 tius
235 2610 295 2670 est
317 2605 544 2684 hominibus,
569 2610 606 2671 et
629 2609 725 2689 quod
749 2607 940 2671 infirmum
965 2611 1023 2671 est
1042 2606 1112 2682 dei,
1136 2605 1276 2670 fortius

79 2737 107 2777 ιο
128 2713 188 2774 est
207 2710 433 2776 hominibus.
453 2713 609 2778 inrideant
623 2733 708 2797 ergo,
725 2716 878 2796 quantum
892 2715 1038 2795 possunt,
1053 2717 1217 2794 tamquam
1232 2713 1278 2776 iu·

126 2817 275 2900 peritiam
301 2822 333 2882 et
355 2819 526 2884 stultitiam
550 2823 688 2884 nostram
714 2822 746 2883 et
768 2821 888 2884 iactent
910 2820 1085 2884 doctrinam
1105 2822 1139 2883 et
1156 2818 1277 2901 sapien-

125 2925 208 2987 tiam
241 2943 342 2989 suam.
375 2925 456 2988 illud
489 2926 565 3004 scio,
600 2925 684 3007 quod
717 2926 772 2989 isti
803 2926 953 2990 inrisores
986 2925 1086 2990 nostri
1109 2925 1276 3007 pauciores

126 3032 206 3094 surrt
233 3030 293 3094 hoc
318 3049 407 3110 anno,
437 3049 530 3113 quarn
555 3032 685 3095 fuerunt
707 3031 812 3114 priora
835 3050 926 3096 anno.
955 3050 991 3094 ex
1014 3050 1076 3113 quo
1101 3031 1185 3093 cuim
1207 3030 1274 3094 fre·

218 3289 267 3344 81
287 3289 346 3346 Cor.
368 3293 391 3355 l,
411 3291 517 3345 20-25
571 3291 605 3344 23
626 3289 658 3343 cf.
678 3289 722 3343 Ps.
742 3291 767 3348 2.
790 3291 802 3343 1

167 3433 292 3486 lomnia
309 3432 427 3486 haecbd
498 3449 532 3485 ne
556 3432 581 3483 V
597 3448 651 3486 non
670 3431 698 3484 Y
749 3431 925 3486 2doctrinas
944 3435 973 3484 et
991 3430 1153 3484 christianos
1172 3431 1276 3484 om.M

124 3525 157 3575 et
175 3521 348 3590 christianos]
368 3521 583 3590 christianosque
605 3519 657 3573 OE
727 3520 888 3574 christianos
907 3536 958 3574 om.
981 3519 1020 3573 W
1076 3521 1093 3572 3
1112 3519 1224 3573 irridere
1243 3536 1275 3572 aa

124 3627 180 3680 qus
199 3609 236 3663 Μ
320 3609 448 3664 debemus
468 3610 571 3663 moueri
588 3609 663 3662 MW
736 3609 885 3678 debemus]
903 3608 1045 3662 uideamus
1068 3608 1095 3661 V
1174 3625 1206 3660 ea
1223 3609 1274 3662 im·

122 3699 196 3769 pleri
217 3698 241 3752 0
292 3699 309 3751 4
328 3697 462 3767 imperitia
482 3699 510 3750 et
528 3697 648 3750 stultitia
668 3699 707 3762 (et
726 3696 847 3750 stultitia
865 3712 917 3749 om,
936 3695 967 3764 S)
986 3694 1275 3763 BCFMSVWYpbd

123 3791 142 3843 5
169 3786 482 3856 quac-christianorum
505 3787 537 3839 ia
559 3801 610 3854 mp.
633 3802 668 3838 m.
692 3788 712 3838 2
735 3803 751 3851 γ
841 3786 868 3838 iu
892 3785 1039 3838 humilibus
1063 3785 1101 3850 (in
1125 3801 1160 3837 m.
1180 3787 1210 3850 2)
1234 3783 1274 3837 St

124 3876 239 3945 eiusque
260 3873 315 3928 08¹
335 3875 391 3928 eius
410 3873 446 3927 M
450 3873 489 3928 lV
573 3873 591 3926 6
611 3876 640 3926 et
657 3871 788 3926 studiosis
809 3871 1071 3926 custodiarum
1159 3876 1274 3942 apparet

123 3968 156 4017 et
178 3963 205 4016 V
258 3963 398 4032 'lipsaV
470 3963 556 4016 ueluti
580 3962 607 4015 V
658 3960 802 4030 8redegit
823 3961 1006 4031 castrata
1058 3960 1188 4015 9mundi
1207 3960 1273 4014 deus

124 4051 289 4122 sapientiam
308 4051 388 4105 huius
407 4049 485 4104 MW
551 4051 584 4104 10
603 4049 649 4118 qui
673 4049 699 4103 V
768 4051 819 4120 ita]
839 4049 934 4102 istaS
1002 4051 1033 4104 ll
1054 4049 1099 4103 hic
1117 4048 1275 4104 mundusS
1370 4061 1379 4085 ·

126 4143 161 4195 12
182 4139 272 4209 deum]
294 4139 335 4193 de'
355 4140 402 4193 uni
424 4139 463 4192 W
533 4137 576 4192 dm
600 4137 626 4190 V
680 4139 713 4192 14
732 4138 812 4207 signa
830 4154 880 4191 ono.
901 4138 932 4191 8¹
1006 4143 1141 4208 quaerunt
1158 4154 1210 4194 om.
1233 4139 1273 4192 Gla

125 4231 160 4284 15
180 4230 345 4298 crucifixum]
366 4232 394 4282 et
411 4227 482 4282 huno
502 4227 655 4282 crucifixum
678 4227 728 4281 GE
790 4229 822 4281 16
842 4231 933 4281 autern
950 4245 971 4281 a.
992 4229 1009 4281 1.
1029 4244 1063 4280 m.
1083 4231 1136 4296 2γ
1192 4228 1225 4281 19
1245 4232 1273 4281 et

123 4317 317 4371 —hominibus
336 4334 387 4371 om.
399 4316 460 4370 MS
525 4319 559 4370 20
579 4317 721 4386 quantum]
742 4315 834 4386 quoS
894 4317 927 4370 21
944 4316 1093 4370 doctrinam
1112 4320 1232 4370 nostram
1251 4317 1273 4370 S

123 4407 160 4461 22
178 4404 258 4476 illud]
278 4407 327 4460 iire
351 4405 389 4459 W
404 4406 470 4459 mire
489 4405 526 4458 M
578 4407 612 4457 23
631 4405 740 4458 fuerant
762 4405 788 4459 V
