3109 4959
579 466 621 520 de
648 465 854 521 mendatio
1224 470 1289 533 443

139 682 224 729 sum
248 659 529 727 testimonium
553 680 627 725 non
648 659 772 737 dices,
793 662 825 725 θῖ
844 678 905 726 non
925 660 1047 738 timeat,
1068 660 1153 745 quod
1171 662 1210 727 de
1230 662 1288 727 deo

137 768 261 837 dietum
277 772 339 835 est:
355 768 500 851 perdes
520 786 666 844 omnes,
681 768 750 849 qui
767 768 997 850 loquuntur
1014 767 1288 833 mendacium?

137 896 209 953 non,
232 875 347 957 innuit,
371 875 523 955 seriptum
549 877 613 938 est:
637 892 729 938 omno
752 873 963 939 mendacium.
988 874 1042 939 sed
1062 874 1108 939 ita
1125 874 1288 959 intellego,

137 1002 174 1047 ao
198 982 228 1047 si
250 981 294 1048 sit
317 982 487 1063 seriptum:
511 980 624 1064 perdas
648 999 768 1059 omnes,
794 980 849 1063 qui
871 980 1046 1057 loquuntur
1064 980 1182 1047 salsum
1200 982 1289 1047 testi-

104 1088 292 1154 omonium.
330 1090 364 1153 at
390 1106 446 1151 neo
475 1086 520 1151 ibi
548 1086 669 1153 dictum
699 1091 762 1151 est:
792 1106 884 1152 omne
912 1088 1028 1152 falsum
1057 1087 1287 1153 testimonium.

136 1194 195 1259 sed
218 1194 262 1259 ibi
284 1194 425 1276 positum
449 1197 508 1271 est,
532 1193 646 1275 inquit,
669 1193 725 1258 ubi
749 1196 854 1257 cetera
877 1211 959 1275 quae
984 1194 1068 1258 omni
1092 1193 1184 1259 modo
1205 1194 1289 1257 mals

136 1302 223 1366 sunt.
265 1299 420 1382 numquid
448 1302 481 1365 θῖ
507 1299 589 1365 illud
618 1299 701 1382 quod
725 1300 772 1364 ibi
796 1303 859 1365 est:
889 1318 962 1365 non
988 1298 1175 1365 oooidos?
1204 1299 1287 1382 quod

135 1408 166 1473 si
195 1407 282 1472 omni
307 1406 402 1471 modo
430 1406 550 1471 malum
580 1411 640 1482 est,
668 1406 827 1487 quomodo
857 1406 895 1471 ab
923 1406 984 1471 hoo
1009 1406 1139 1471 crimine
1161 1424 1289 1471 exeusa-

134 1514 256 1579 buntur
281 1513 371 1591 iusti,
399 1512 455 1596 qui
481 1516 555 1594 post
581 1512 686 1597 legem
715 1511 821 1576 datam
848 1512 968 1577 multos
993 1512 1196 1577 occiderunt?
1233 1511 1290 1577 sed

89 1649 116 1688 ιο
134 1620 357 1703 respondetur,
384 1619 469 1701 quod
497 1638 558 1683 non
587 1618 656 1703 ipsa
684 1618 818 1695 occidet,
847 1618 901 1702 qui
928 1618 1007 1683 iusti
1036 1618 1173 1683 alieuius
1202 1636 1295 1703 prae-¹

135 1726 223 1810 cepti
246 1726 391 1791 minister
413 1729 471 1791 est.
493 1725 607 1791 horum
631 1744 705 1809 ergo
729 1725 878 1791 timorem
902 1726 948 1791 sio
972 1726 1102 1808 accipio,
1127 1730 1164 1790 ut
1181 1728 1287 1791 tamen

133 1832 230 1898 illum
252 1831 446 1897 laudabilem
468 1833 586 1909 uirum,
610 1832 666 1915 qni
688 1850 746 1898 nso
769 1830 897 1897 mentiri
919 1829 1024 1897 noluit
1046 1849 1104 1895 nec
1128 1831 1288 1896 hominem

133 1938 280 2022 prodere,
305 1942 337 2003 et
358 1938 475 2003 melius
503 1938 635 2003 arbitrer
656 1938 863 2015 intellexisse,
889 1938 972 2020 quod
996 1938 1149 2022 seriptum
1173 1940 1232 2015 est,
1257 1941 1290 2001 θῖ

132 2045 337 2109 intellectum
359 2044 486 2111 fortiter
507 2044 702 2128 impleuisse.

88 2180 114 2220 ra
182 2152 236 2219 24.
267 2150 329 2217 Sed
361 2152 488 2216 denitur
521 2151 690 2234 aliquando
724 2150 762 2215 ad
795 2152 891 2217 huius
923 2151 1011 2216 modi
1043 2151 1223 2233 articulum,
1251 2154 1289 2215 ut

132 2277 199 2324 non
226 2258 465 2342 interrogemur,
494 2258 549 2323 ubi
578 2258 622 2323 sit
647 2258 702 2322 ille
727 2258 782 2341 qui
806 2258 976 2339 quaeritur,
1000 2276 1102 2340 neque
1126 2276 1287 2341 cogamur,

133 2368 175 2429 ut
198 2382 271 2430 eum
290 2364 471 2447 prodamus,
497 2364 525 2428 si
549 2364 595 2429 sio
618 2365 798 2430 occultatus
823 2367 881 2439 est,
906 2367 943 2429 ut
960 2364 1094 2429 inueniri
1114 2363 1206 2431 iaoile
1225 2364 1287 2429 nisi

132 2470 283 2553 proditus
311 2475 459 2553 nequeat,
487 2471 544 2536 sed
572 2471 775 2553 quaeritura
802 2470 905 2547 nobis,
934 2474 1041 2537 utrum
1065 2470 1121 2536 illo
1148 2470 1218 2534 looo
1244 2470 1288 2534 sit

133 2596 176 2641 an
205 2595 266 2641 non
290 2576 345 2641 sit.
382 2576 435 2641 ubi
460 2577 489 2641 si
511 2596 583 2642 eum
609 2596 680 2643 esso
704 2577 835 2655 suimus,
859 2578 991 2643 tacendo
1020 2596 1092 2642 eum
1121 2576 1286 2660 prodimus

84 2714 112 2751 oo
132 2684 188 2749 uel
221 2684 317 2748 etiam
351 2683 482 2749 dioendo
515 2702 712 2766 nequaquam
742 2704 800 2749 nos
828 2702 898 2751 esse
927 2685 1077 2761 dicturos,
1106 2688 1214 2749 utrum
1239 2682 1286 2747 ibi

133 2790 191 2868 sit,
214 2810 252 2855 an
276 2808 337 2855 non
361 2790 419 2867 sit3
444 2810 480 2855 er
503 2790 564 2855 hoo
587 2790 671 2855 enim
694 2790 821 2875 colligit
837 2791 904 2869 illo,
923 2792 978 2876 qui
996 2791 1129 2873 quaerit,
1147 2790 1193 2855 ibi
1212 2808 1286 2854 eum

133 2914 219 2979 esse,
248 2897 303 2961 nbi
332 2897 360 2962 ai
388 2916 449 2961 non
478 2901 575 2973 esset,
599 2897 678 2961 nihil
702 2896 790 2962 eliud
818 2897 856 2962 ab
888 2916 935 2976 eo,
960 2898 1014 2980 qui
1036 2897 1163 2961 mentiri
1186 2896 1286 2961 nollet

131 3022 194 3069 neo
225 3003 385 3067 hominem
414 3004 557 3088 prodere,
584 3004 644 3068 nisi
672 3022 746 3069 eum
774 3023 835 3069 non
863 3003 908 3068 ibi
936 3022 1006 3069 esse
1032 3003 1284 3086 responderetur.

133 3111 182 3175 ita
208 3128 266 3194 per
291 3114 433 3175 nostram
456 3111 510 3176 uel
531 3110 781 3177 taciturnitatem
801 3112 853 3176 uel
878 3110 955 3175 talia
977 3111 1075 3175 uerba
1097 3110 1191 3175 homo
1215 3128 1284 3192 pro-

84 3244 113 3285 u
132 3216 231 3292 ditur,
264 3219 304 3281 nt
333 3216 431 3281 intret
458 3218 514 3299 qui
541 3218 674 3300 quaerit,
703 3217 731 3283 si
758 3220 951 3299 potestatem
981 3216 1076 3283 habet
1103 3219 1136 3281 θῖ
1162 3216 1287 3281 inuenit

132 3342 225 3388 eum:
254 3322 309 3405 qni
336 3326 442 3388 tamen
472 3324 510 3389 ab
539 3324 609 3389 eius
636 3324 819 3391 inuentione
848 3324 1011 3389 mendacio
1040 3327 1147 3391 nostro
1173 3326 1285 3406 posset

223 3584 241 3637 2
259 3583 305 3638 Pa.
324 3586 349 3646 5,
369 3584 385 3637 7
440 3584 456 3638 7
475 3583 523 3642 Ex.
543 3585 587 3648 20,
608 3586 641 3638 15

170 3742 240 3797 lde
258 3742 522 3814 om‚MBSEdppdd
588 3743 754 3814 2soriptum
772 3742 804 3796 F
873 3742 1174 3814 perdes-mendacium
1193 3758 1283 3814 osup

130 3831 303 3888 loennturR
340 3832 688 3887 3non-testimoniuma'n
701 3849 751 3901 sap.
766 3831 798 3886 F
849 3832 943 3903 inquid
953 3832 1016 3887 MR
1052 3831 1283 3903 lloountuerp

132 3922 423 3977 eat-tostimonium
442 3936 492 3975 orn.
512 3920 564 3975 SF
642 3936 735 3975 omnes
755 3920 798 3986 (in
815 3936 865 3989 mp.
885 3938 919 3975 m.
940 3920 977 3975 ol.
998 3926 1086 3987 omne)
1105 3920 1133 3977 R
1205 3920 1283 3975 din-

132 4024 214 4077 quam
233 4006 265 4063 F
317 4008 495 4078 inumquid]
515 4026 578 4063 num
598 4009 639 4077 Ββ
656 4008 789 4077 numquid
808 4008 839 4063 E
902 4010 932 4063 ll
954 4026 1045 4063 eornm
1065 4007 1117 4065 ΒΕ
1187 4026 1237 4078 ogo
1256 4009 1284 4064 R

133 4096 168 4151 13
186 4096 457 4169 iuplrrtellexiasep
517 4100 560 4153 eat
579 4114 629 4153 om.
649 4103 689 4153 eat
705 4084 799 4167 spatio
817 4114 909 4152 reomao
928 4097 1026 4167 rel.)S
1075 4099 1108 4151 14
1126 4098 1253 4168 implesse
1267 4116 1283 4167 γ

133 4188 168 4241 16
187 4186 272 4254 ιθίῖβ
310 4186 342 4240 19
360 4187 399 4239 sit
417 4201 503 4257 onus
558 4202 619 4239 enm
638 4186 687 4241 ult.
707 4191 792 4254 onus
828 4187 863 4241 20
881 4184 928 4240 ubi
946 4186 984 4240 M
1017 4186 1049 4241 21
1072 4186 1177 4241 nituit.
1197 4202 1284 4257 emp

133 4275 181 4343 qui
201 4273 267 4328 colit
285 4274 310 4338 (l
327 4275 418 4344 querit
434 4292 456 4329 a.
476 4276 493 4329 l.
513 4292 548 4330 m.
568 4278 630 4346 2lp
685 4275 720 4328 22
739 4275 787 4329 ubi
807 4292 867 4329 eum
886 4292 939 4329 non
960 4278 1033 4329 esset
1051 4274 1152 4345 nihilq>
1208 4275 1283 4329 aliud

131 4361 230 4418 oms
281 4364 317 4417 25
335 4364 420 4427 intret
439 4366 470 4429 (a.
490 4362 509 4417 l.
526 4362 541 4417 l
558 4362 678 4431 terimat)
696 4362 728 4417 F
796 4362 911 4433 habitp
967 4364 1001 4417 26
1021 4363 1108 4433 possit
1127 4360 1179 4417 SF
