3109 4959
252 430 319 500 204
621 432 647 487 S.
676 433 813 489 Aureli
840 433 1058 505 Augustini

254 630 349 710 ditur,
376 630 471 715 longe
499 631 543 695 sit
569 631 767 697 tolerabilius
795 651 890 714 qnam
917 632 949 696 in
978 650 1024 708 ea,
1053 648 1134 713 quae
1162 648 1315 696 concessa
1341 649 1405 695 non

254 740 338 814 sunt,
362 738 415 802 uel
438 757 521 802 unns
545 739 599 802 uel
621 758 710 803 rarus
734 756 893 804 excessus.
923 742 956 802 et
976 738 1048 802 ideo
1071 737 1102 802 in
1126 756 1159 802 re
1183 754 1334 801 concessa
1356 736 1404 800 in-

251 844 428 910 moderatio
443 845 600 929 coniugis,
615 864 653 909 ne
672 844 703 909 in
716 864 791 909 rem
809 864 869 910 non
890 862 1073 911 concessam
1087 844 1187 909 libido
1205 848 1403 928 prorumpat,

251 951 414 1017 toleranda
437 954 496 1016 cst.
520 951 595 1019 hinc
618 955 669 1017 est
692 950 799 1034 eliam,
818 951 903 1035 quod
925 952 1019 1036 longe
1038 952 1143 1015 minus
1162 954 1275 1035 peceat
1291 969 1403 1034 quarn·

250 1057 331 1124 libet
364 1057 516 1124 adsiduus
550 1058 589 1123 ad
620 1076 748 1123 uxorem
783 1076 877 1141 qnam
905 1060 959 1122 uel
985 1057 1168 1123 rarissimus
1195 1057 1237 1121 ad
1267 1057 1403 1123 fornica·
1438 1082 1453 1121 s

249 1166 380 1231 tionem.
406 1184 479 1231 oum
502 1184 577 1231 uero
601 1164 651 1229 uir
677 1165 819 1229 membro
845 1162 990 1229 mulieris
1017 1183 1078 1229 nou
1102 1164 1141 1228 ad
1164 1163 1226 1228 hoo
1249 1182 1402 1230 concesso

249 1272 299 1336 uti
327 1272 477 1351 noluerit,
501 1272 624 1357 turpior
650 1279 701 1337 est
727 1290 814 1351 uror,
839 1273 867 1337 si
894 1272 927 1336 in
951 1290 996 1351 se,
1021 1290 1115 1354 quam
1139 1270 1167 1336 si
1189 1270 1223 1335 in
1246 1270 1311 1336 alia
1332 1269 1402 1336 fieri

248 1378 437 1461 permiserit.
469 1378 565 1445 decus
599 1398 674 1464 ergo
707 1378 873 1463 coniugale
905 1380 956 1444 est
986 1378 1118 1443 castitas
1148 1378 1337 1461 procreandi
1369 1384 1403 1443 et

249 1483 400 1549 reddendi
429 1486 563 1550 carnalis
592 1486 691 1551 debiti
719 1486 813 1551 fidos:
842 1486 904 1551 hoo
931 1489 982 1550 est
1008 1504 1090 1569 opus
1117 1485 1310 1569 nuptiarum,
1340 1486 1401 1549 hoc

250 1592 288 1656 ab
309 1590 395 1657 omni
414 1592 544 1658 crimine
563 1592 706 1658 defendit
724 1594 890 1677 apostolus
910 1592 1056 1657 dicendos
1077 1592 1167 1657 etsi
1187 1594 1399 1674 acceperis
1420 1614 1449 1653 ιο

250 1718 421 1779 uxorem,
455 1720 529 1765 nou
561 1700 765 1784 peccasti3
800 1704 838 1765 ot
871 1700 905 1765 si
940 1700 1129 1782 nupserit
1159 1698 1290 1782 uirgo,
1324 1717 1399 1763 non

249 1810 403 1889 peceat,
437 1810 486 1873 et:
520 1806 624 1890 quod
655 1808 749 1871 uult
781 1806 927 1884 faeiat3
960 1824 1035 1872 non
1072 1808 1228 1889 peccat,
1262 1806 1399 1875 nubat.

249 1912 392 1997 erigendi
412 1916 518 1978 antem
537 1913 636 1978 debiti
656 1914 693 1979 ab
714 1913 865 1980 altemtro
885 1931 961 1978 seru
975 1912 1200 1978 inmoderatior
1215 1911 1399 1996 progressio

247 2022 376 2103 propter
402 2020 468 2099 illa,
498 2038 578 2102 quae
606 2018 817 2102 supradixit,
846 2019 1037 2105 coniugibus
1064 2017 1239 2085 secundum
1269 2020 1398 2084 ueniam

249 2126 443 2192 conceditur.
1418 2149 1445 2188 rs

252 2258 254 2261 ·
295 2234 345 2298 13.
380 2231 473 2313 Quod
506 2253 580 2319 ergo
614 2234 672 2299 ait:
707 2252 806 2316 quae
839 2233 1013 2316 innupta
1050 2235 1122 2311 est,
1155 2232 1319 2317 cogitat
1354 2252 1398 2297 ea

249 2358 348 2422 quae
386 2345 490 2405 sunt·
518 2340 681 2419 domini,
719 2344 762 2406 ut
799 2341 857 2405 sit
897 2342 1040 2406 sancta
1076 2342 1116 2405 et
1152 2356 1321 2421 corpore
1358 2344 1398 2403 et

248 2446 411 2530 spiritu,
449 2464 511 2513 non
544 2446 591 2513 sio
623 2447 844 2529 accipiendum
877 2451 937 2523 est,
970 2450 1008 2511 nt
1038 2449 1189 2530 putemus
1226 2464 1288 2510 non
1327 2464 1397 2510 esse

247 2554 389 2617 sanctam
409 2572 537 2636 corpore
553 2553 756 2619 christianam
772 2554 941 2638 coniugem
960 2557 1091 2619 castam.
1112 2552 1260 2618 omnibus
1280 2551 1396 2634 quippo

246 2658 395 2724 fidelibus
432 2660 553 2725 dictum
592 2663 655 2726 est:
692 2660 880 2740 nescitis,
919 2660 1012 2742 quia
1037 2678 1219 2742 corpora
1255 2660 1442 2723 uestram

246 2764 442 2849 templum
460 2768 498 2831 in
514 2766 633 2833 uobis
654 2771 717 2832 est
735 2767 913 2850 spiritus
933 2766 1079 2845 sancti,
1097 2784 1210 2848 quom
1229 2765 1395 2830 habetis

247 2892 264 2937 a
294 2872 386 2938 deo?
414 2876 524 2939 sancta
547 2876 623 2939 sunt
650 2892 723 2959 ergo
751 2874 848 2938 etiam
875 2892 1005 2957 corpora
1032 2873 1276 2957 coniugatorum
1300 2870 1395 2936 fidem

246 2978 307 3044 sibi
341 2984 373 3045 et
405 2978 532 3045 domino
565 2981 770 3047 serrantium.
805 2980 857 3046 oui
890 2980 1052 3045 sanctitati
1084 2979 1257 3045 cuiuslibet
1286 2997 1395 3044 eorum

245 3104 303 3151 noe
339 3086 499 3171 infidelem
537 3086 704 3171 coniugem
741 3086 907 3167 obsistere,
946 3086 1002 3152 sed
1043 3086 1150 3170 potins
1192 3087 1394 3152 sanctitatem

243 3192 349 3257 uxoris
382 3192 533 3277 prodesse
564 3192 685 3258 infideli
717 3194 786 3260 uiro
819 3198 876 3259 aut
907 3194 1110 3259 sanctitatem
1141 3193 1204 3258 uiri
1239 3194 1393 3277 prodesse
1411 3214 1440 3255 ss

335 3452 480 3509 101001.
500 3454 524 3519 7,
543 3454 586 3509 28.
606 3454 640 3509 36
696 3454 761 3509 161
781 3454 841 3509 (lor.
862 3456 887 3518 7,
907 3454 942 3509 34
995 3454 1031 3509 20
1049 3454 1063 3507 Ι
1083 3452 1142 3509 Gor.
1161 3456 1187 3518 6,
1207 3454 1241 3507 19

280 3630 496 3685 ltollerabilius
517 3636 630 3700 (seraper
647 3630 677 3699 ll)
698 3630 732 3684 N
800 3632 843 3701 ea]
863 3631 901 3686 eis
919 3630 1002 3685 H²od
1055 3632 1158 3701 trem]
1178 3646 1207 3686 se
1228 3630 1278 3685 CB
1337 3648 1395 3687 nou

244 3735 370 3773 concesso
386 3723 447 3787 (eon
461 3736 483 3774 a.
499 3720 527 3787 l.)
546 3720 765 3775 Oineoncessam
779 3738 798 3771 α
851 3719 1059 3775 libido—etium
1073 3720 1195 3775 om.AD
1247 3720 1340 3775 lubido
1349 3720 1395 3775 Ηι

241 3810 260 3862 4
279 3808 359 3862 etiam
380 3824 431 3865 om.
451 3808 592 3863 MENXa
708 3809 794 3880 quod]
814 3809 895 3864 eadat
914 3809 986 3879 quod
1004 3810 1034 3863 D
1052 3809 1125 3879 qnod
1144 3814 1252 3865 corruat
1270 3812 1394 3876 (comunt

242 3914 264 3953 s.
284 3898 314 3965 l.)
334 3899 361 3951 A
434 3898 558 3968 qualibet
577 3904 605 3963 (a
621 3900 653 3953 ia
670 3899 681 3952 i
698 3896 777 3970 mut.)
795 3900 823 3952 A
895 3900 1007 3968 duero]
1028 3900 1133 3970 enimp
1210 3915 1341 3955 consenso
1360 3899 1396 3954 K

243 3986 415 4057 iturpeB¹
482 4004 528 4056 pr.
548 3988 641 4045 aiom.
661 3986 719 4041 AD
795 3989 888 4042 siom.
908 3989 939 4041 X
1010 3987 1141 4042 9debeti
1158 3986 1198 4039 13¹
1273 3988 1393 4059 lospo·

241 4076 329 4130 stnlus
347 4075 381 4129 K
453 4076 486 4129 12
505 4091 558 4147 que
576 4075 610 4129 H
683 4075 781 4145 nubat]
801 4076 825 4129 si
843 4075 929 4130 nnbat
946 4075 983 4144 (si
1000 4093 1021 4131 s.
1042 4075 1072 4144 l.)
1091 4074 1213 4143 AH'R’,
1230 4074 1392 4148 franca

241 4180 292 4221 orn.
310 4162 454 4219 MENXa
509 4166 542 4219 14
561 4164 615 4219 dixi
633 4164 744 4236 PRTB²
762 4164 877 4219 diximus
892 4164 1048 4219 ΕΝΧΚΜ
1100 4166 1133 4220 21
1153 4164 1284 4235 templum
1304 4182 1358 4222 ons.
1374 4186 1393 4219 nr

240 4253 268 4307 in
288 4253 365 4319 nobis
384 4270 434 4308 om.
454 4252 484 4306 D
564 4254 617 4323 est]
639 4256 702 4307 sunt
719 4253 861 4309 ΜΕΝΧα
951 4254 1040 4310 mucii
1057 4270 1109 4309 um.
1129 4254 1169 4307 13¹
1240 4256 1275 4311 25
1295 4254 1390 4310 uxoris

240 4358 292 4399 om.
310 4342 452 4397 MENXa
