3109 4959
284 448 347 513 136
633 445 660 499 S.
692 442 833 499 Aureli
859 442 1080 514 Augustini

283 641 390 707 omnia
416 646 547 725 peccata
575 658 670 724 posse
700 640 870 706 dimittere.
900 640 1008 722 itaque
1034 638 1154 716 miseri,
1179 638 1256 703 dum
1282 638 1315 703 in
1338 639 1434 703 Petro

281 752 404 832 petram
426 767 488 813 non
508 748 700 833 intellegunt
718 752 750 813 et
767 747 880 813 nolunt
898 746 1024 812 credere
1044 747 1134 811 datas
1153 744 1308 811 ecelesiae
1327 746 1437 811 claues

282 855 372 941 regni
397 854 567 932 caelorum,
591 854 653 938 ipsi
677 872 729 918 eas
755 853 794 918 de
816 854 963 918 manibus
987 850 1172 918 amiserunt.
1196 852 1251 917 isti
1275 856 1361 929 sunt,
1383 852 1438 936 qui

283 950 409 1039 uiduae,
439 962 466 1025 si
498 961 673 1044 nupserint,
702 968 867 1043 tamquam
900 960 1060 1024 adulteras
1093 959 1243 1023 damnant
1275 962 1308 1024 et
1339 978 1439 1042 super

285 1068 460 1134 doctrinam
498 1068 706 1152 apostolicam
745 1086 779 1131 se
816 1065 999 1149 praedicant
1035 1085 1105 1130 esse
1142 1066 1339 1131 mundiores:
1383 1066 1439 1150 qui
1469 1082 1484 1119 ⁵

283 1194 397 1240 nomen
427 1194 521 1240 suum
550 1175 578 1239 si
600 1174 721 1239 uellent
744 1192 926 1259 agnoscere,
950 1172 1127 1237 mundanos
1151 1192 1186 1238 se
1209 1173 1317 1255 potius
1341 1192 1438 1255 quam

283 1282 419 1347 mundos
443 1284 604 1346 uocarent.
629 1281 772 1347 nolentes
797 1281 892 1358 enim,
916 1280 946 1344 si
968 1279 1180 1362 peccauerint,
1204 1280 1331 1363 corrigi,
1355 1279 1438 1343 nihil

284 1390 371 1454 aliud
399 1390 563 1473 elegerunt
591 1389 651 1453 nisi
680 1406 752 1453 oum
786 1388 847 1452 hoo
878 1387 996 1451 mundo
1030 1386 1180 1450 damnari.
1213 1404 1287 1450 narn
1319 1386 1439 1468 quibus

285 1496 413 1561 ueniam
438 1498 640 1579 peccatorum
658 1498 786 1579 negant,
805 1514 866 1559 non
886 1512 941 1559 eos
954 1493 1067 1575 aliqua
1086 1494 1221 1557 sanitate
1240 1492 1440 1566 custodiunt,

284 1602 341 1668 aed
365 1602 467 1687 aegris
493 1602 685 1667 subtrahunt
708 1601 912 1676 medicinam
941 1603 974 1665 et
996 1599 1110 1664 uiduus
1134 1618 1209 1663 suas
1231 1600 1283 1663 uri
1306 1602 1438 1683 coguut,
1459 1613 1485 1649 ¹⁰

286 1728 365 1792 quas
394 1709 511 1774 nubere
539 1726 600 1773 non
629 1708 830 1790 permittunt.
865 1726 926 1771 non
951 1706 1034 1771 euim
1057 1705 1278 1789 prudentiores
1299 1704 1439 1770 habendi

286 1818 362 1880 sunt
390 1834 485 1897 quam
512 1814 633 1879 Paulus
662 1814 839 1897 apostolus,
869 1813 923 1897 qui
956 1813 1016 1877 ait:
1048 1813 1152 1877 malo
1186 1830 1252 1877 eas
1285 1812 1439 1876 nubere

287 1940 401 2004 quam
424 1922 494 1985 uri.

331 2028 463 2093 XXXII.
492 2028 545 2093 34.
573 2027 640 2093 Noc
669 2047 721 2092 eos
750 2026 927 2105 audiamus,
957 2026 1011 2109 qui
1040 2024 1141 2090 caruis
1174 2024 1440 2089 resurrectionem

286 2135 426 2199 futuram
450 2138 568 2219 negant
596 2137 629 2198 et
652 2137 910 2207 commemorant,
935 2132 1021 2216 quod
1044 2133 1089 2196 ait
1112 2130 1277 2213 apostolus
1300 2130 1438 2195 Paulus:
1460 2146 1485 2185 1⁵

288 2260 379 2306 caro
409 2244 449 2305 et
477 2242 646 2325 sanguis
676 2260 838 2325 regnum
868 2240 932 2305 dei
958 2259 1033 2305 non
1062 2237 1347 2322 possidebunt,
1375 2255 1438 2300 uon

287 2347 522 2432 intellegentes,
543 2348 627 2431 quod
651 2348 720 2431 ipae
744 2347 823 2412 dicit
846 2348 1025 2429 apostolus:
1051 2348 1215 2430 oportet
1237 2344 1439 2425 corrupti·

287 2454 371 2519 bile
399 2454 473 2520 hoc
502 2453 670 2519 induero
699 2454 1054 2537 incorruptionem
1088 2454 1128 2516 et
1158 2451 1328 2517 mortale
1361 2450 1437 2513 hoe

287 2560 457 2624 induere
486 2560 843 2626 inmortalitatem.
879 2580 953 2624 oum
981 2559 1066 2623 enim
1092 2559 1154 2623 hoc
1181 2558 1302 2622 factum
1329 2556 1439 2629 fuerit,

288 2666 352 2729 iam
380 2685 440 2732 nou
470 2666 528 2731 erit
557 2685 628 2732 caro
658 2672 690 2732 et
718 2667 860 2751 sanguis,
890 2666 945 2730 sed
974 2666 1110 2730 caeleste
1139 2682 1263 2745 eorpus.
1294 2661 1379 2745 quod
1407 2666 1441 2727 et
1461 2680 1488 2719 ao

292 2771 439 2837 dominus
452 2774 622 2855 promittit,
638 2792 709 2838 cum
726 2772 818 2837 dicit:
833 2792 959 2855 neque
973 2773 1129 2837 nubent
1146 2790 1275 2854 neque
1292 2788 1439 2835 uxores

291 2878 448 2955 ducent,
478 2880 547 2944 sed
581 2883 699 2944 erunt
732 2880 927 2962 aequales
962 2878 1123 2962 angelis
1156 2877 1230 2942 dei.
1263 2894 1325 2941 non
1354 2875 1440 2940 enim

290 2986 353 3049 iam
381 2986 573 3063 hominibus,
602 2986 659 3050 sed
687 2986 744 3050 deo
773 2986 894 3063 uiuent,
923 3004 997 3049 cum
1024 2985 1174 3067 aequales
1207 2982 1330 3067 angelis
1360 2982 1442 3046 faeti

290 3092 417 3157 fuerint.
437 3092 648 3157 inmutabitur
662 3110 736 3177 ergo
751 3111 822 3157 caro
843 3095 876 3157 et
894 3091 1024 3175 sanguis
1044 3093 1077 3155 et
1094 3090 1150 3155 fiet
1168 3108 1282 3172 corpus
1302 3090 1443 3154 caeleste

292 3202 324 3262 et
347 3198 541 3283 angelicum
572 3203 611 3263 et
639 3200 790 3264 mortui
820 3198 923 3263 enim
950 3200 1172 3282 resurgent
1194 3196 1442 3277 incorrupti,
1461 3215 1489 3255 ss

381 3424 668 3491 acf.1Tim.a,14
779 3424 1034 3490 12100119.
1113 3420 1443 3486 lamentamus

291 3514 644 3573 acernaacerna
698 3516 732 3569 21
752 3515 852 3570 Matth.
871 3517 915 3583 22,
934 3514 969 3570 30
1024 3514 1058 3569 25
1077 3512 1091 3567 Ι
1110 3512 1171 3568 Cor.
1192 3514 1233 3576 15,
1252 3512 1288 3566 52

328 3637 454 3693 lmiseri
468 3646 533 3708 post
551 3641 633 3695 Petro
653 3640 752 3710 lepttur
768 3640 800 3694 in
818 3639 845 3693 L
918 3642 1000 3695 deas
1020 3637 1064 3707 de]
1086 3636 1194 3691 easdem
1215 3636 1242 3691 G
1314 3632 1444 3696 ammise-

291 3730 355 3781 runt
376 3728 403 3782 G
491 3728 651 3798 luiduisp
728 3730 751 3782 si
770 3746 822 3784 om.
841 3729 876 3793 L,
895 3729 927 3782 in
944 3744 994 3797 rap.
1014 3744 1079 3797 opp.
1099 3741 1151 3795 que
1226 3724 1370 3779 nubserint
1391 3722 1450 3778 GN

293 3819 357 3870 5se
377 3817 479 3873 om.M
513 3820 646 3873 tissone.
667 3818 718 3871 VL
755 3818 891 3871 imundo
911 3833 958 3870 suo
979 3820 1072 3870 carent
1090 3815 1129 3869 ll'
1161 3812 1359 3883 8delegerunt
1375 3810 1447 3865 Wn'

292 3906 309 3960 9
329 3907 474 3961 sanctitate
492 3907 586 3961 ΜΗΒ
678 3907 710 3962 10
730 3907 802 3977 egris
823 3906 891 3961 O¹N
906 3908 944 3961 eis
967 3905 1033 3974 ch
1125 3905 1159 3959 12
1177 3902 1318 3973 apostolus
1336 3918 1389 3956 om.
1409 3900 1448 3955 Μ

293 3996 345 4049 ait:
365 3994 447 4065 malo]
468 3997 565 4050 rnaluit
584 3996 621 4051 bd
639 3996 680 4051 ait
697 3998 769 4050 mala
787 3996 826 4049 B¹
900 3996 933 4049 13
947 3995 1002 4047 suri
1020 3992 1054 4047 N
1124 3994 1157 4046 15
1175 3992 1295 4046 futuram
1314 4008 1365 4044 om.
1383 3990 1451 4046 ΒΝ

293 4084 432 4153 apostolus
451 4085 549 4155 paulus
569 4088 608 4140 ait
626 4086 652 4139 L
706 4086 809 4140 Paulus
827 4101 879 4139 om.
901 4084 942 4137 W
994 4085 1026 4137 17
1045 4082 1118 4137 idern
1137 4081 1196 4151 ipse
1215 4080 1241 4134 L
1301 4078 1447 4149 apostolus

293 4173 361 4227 dicit
379 4174 409 4228 N
480 4172 557 4244 dicit]
577 4174 649 4229 idem
669 4176 708 4229 ait
732 4174 758 4228 V
774 4172 814 4228 ait
832 4173 859 4227 L
913 4172 947 4227 20
967 4188 1064 4241 eorpus
1084 4187 1134 4225 om.
1158 4168 1198 4223 W
1271 4168 1344 4238 quod
1362 4171 1390 4233 (o
1411 4184 1449 4223 er

293 4262 359 4331 i)U
412 4265 444 4319 21
466 4280 525 4318 cum
545 4262 623 4334 dicit]
642 4263 734 4319 dicens
753 4263 787 4317 H
838 4264 873 4317 22
893 4261 1003 4331 equales
1020 4260 1052 4314 0¹
1126 4256 1171 4313 dci
1190 4274 1240 4312 om.
1259 4257 1317 4313 NR
1371 4257 1447 4311 euim

189 4345 191 4353 ’
293 4354 358 4423 iarn]
380 4354 599 4424 quamtumvis
619 4352 729 4424 quiaG
784 4352 819 4406 23
837 4353 891 4405 iarn
911 4366 963 4404 orn.
982 4348 1010 4401 B
1064 4348 1264 4417 consurgunt
1285 4346 1312 4401 G
