3109 4959
467 430 508 484 de
537 447 653 500 opere
679 431 951 484 monachornm
1218 433 1281 498 581

133 644 257 703 monae,
290 626 364 708 quia
385 629 513 710 proptor
534 625 598 690 ista
620 627 800 691 necessaria
821 626 995 709 praedicat:
1028 626 1113 708 quod
1136 625 1284 692 dominus

134 731 213 796 dicit
242 732 310 796 fieri
332 751 394 796 non
416 751 521 815 posse.
554 751 590 796 ao
613 751 670 815 per
692 732 752 797 hoc
776 733 841 810 ille,
875 732 930 814 qui
952 735 1081 816 propter
1103 731 1167 796 ista
1190 750 1284 796 euan-

133 839 254 922 gelium
279 839 448 921 praedicat,
473 857 533 904 non
558 838 627 916 deo,
652 839 707 904 sod
732 859 897 906 mamonae
925 841 1045 904 seruire
1073 837 1282 916 conuincitur,

132 945 195 1009 etsi
228 945 305 1010 deus
337 945 393 1012 illo
427 945 466 1010 ad
493 945 626 1011 aliorum
654 950 853 1028 prouectum,
886 945 1046 1028 quomodo
1073 946 1142 1028 ipse
1169 943 1281 1020 nescit,

98 1055 250 1116 sutatur.
284 1071 356 1116 nam
393 1051 468 1116 huie
505 1052 681 1116 sententiae
719 1052 887 1136 subiungit
922 1053 1044 1117 diceus:
1080 1051 1160 1116 ideo
1198 1049 1281 1113 dioc

131 1157 259 1222 uobis:
293 1157 412 1222 nolite
446 1158 611 1224 solliciti
644 1177 727 1223 esse
757 1160 900 1223 animae
924 1158 1015 1241 quid
1043 1156 1281 1222 manducetis

131 1282 252 1346 neque
272 1265 420 1346 corpori
440 1265 529 1347 quid
552 1265 787 1343 metiamini,
806 1285 867 1331 nou
889 1269 925 1330 ut
942 1265 1083 1332 istanon
1102 1263 1280 1346 procurent,

131 1373 286 1452 quantum
317 1371 518 1437 necessitatis
543 1375 593 1437 est
614 1373 696 1436 unde
720 1372 854 1437 honeste
876 1372 1047 1455 potuerint,
1080 1369 1136 1436 sed
1159 1371 1197 1432 nt
1219 1383 1281 1431 nou

130 1476 195 1542 ista
227 1476 411 1542 intueantur
443 1482 475 1542 et
505 1483 635 1561 propter
662 1479 726 1543 ista
748 1478 866 1543 faciant
889 1476 1043 1561 quidquid
1066 1478 1097 1540 in
1122 1473 1280 1557 euangelii

80 1609 111 1648 ιο
130 1581 365 1666 praedicatione
396 1585 499 1650 facere
527 1585 685 1649 iubentur.
719 1604 789 1650 eam
812 1585 931 1668 quippe
952 1584 1160 1650 intentionem
1184 1599 1280 1664 quare

131 1689 210 1770 quid
231 1689 297 1768 fiat,
331 1693 458 1756 oculum
481 1694 590 1756 uocat:
624 1692 705 1756 unde
728 1692 824 1774 paulo
849 1693 995 1774 superius
1018 1690 1218 1773 loquebatur,
1243 1689 1280 1750 ut

130 1793 172 1860 ad
203 1797 265 1862 hoc
293 1797 507 1877 descenderet,
541 1802 573 1863 et
597 1799 736 1864 dicebat:
769 1799 923 1864 lucerna
947 1799 1115 1881 corporis
1140 1794 1197 1862 tui
1221 1799 1280 1858 est

131 1902 267 1966 oculus
303 1905 404 1968 tuns.
442 1905 474 1968 si
512 1905 646 1969 oculus
682 1908 772 1969 tuus
807 1905 965 1987 simplex
996 1903 1123 1978 fuerit,
1157 1903 1278 1966 totum

130 2027 266 2090 corpus
286 2013 390 2074 tunm
410 2010 579 2075 lucidum
598 2011 685 2088 erit;
705 2011 739 2075 si
758 2031 847 2076 uero
867 2012 1001 2076 oculus
1016 2013 1105 2074 tuus
1121 2025 1278 2090 nequam

78 2115 258 2195 assuerit,
291 2119 413 2182 toturn
447 2136 582 2201 corpus
616 2121 720 2182 tuum
753 2120 998 2183 tenebrosum
1031 2117 1113 2193 erit,
1152 2114 1185 2179 id
1213 2117 1276 2178 est:

128 2221 208 2286 talia
231 2224 518 2303 enuntiantem,
543 2224 645 2307 qualis
668 2224 765 2288 fuerit
787 2224 920 2290 intentio
944 2226 1011 2306 tna,
1035 2243 1093 2288 cur
1115 2240 1152 2286 ea
1169 2219 1278 2286 facias.

129 2331 163 2392 et
187 2327 225 2393 ad
249 2328 309 2393 hoc
333 2331 417 2394 enim
441 2333 479 2394 ut
505 2331 638 2409 ueniret,
672 2350 769 2415 supra
792 2331 831 2395 de
859 2330 1050 2414 elemosynis
1076 2328 1278 2413 praeceperat

127 2435 253 2500 dicens:
287 2436 408 2500 nolite
445 2437 601 2502 condere
634 2437 743 2502 uobis
767 2438 969 2504 thesauros
992 2438 1030 2502 in
1053 2436 1178 2510 terris,
1212 2431 1277 2496 ubi

126 2559 266 2626 aerugo
300 2545 337 2606 et
369 2541 471 2607 tinea
509 2543 734 2608 exterminat
771 2548 808 2608 et
844 2545 908 2609 ubi
944 2544 1047 2608 sures
1085 2539 1276 2606 effodiunt

73 2673 104 2712 ιο
126 2649 166 2712 et
188 2647 378 2725 furentum
409 2648 605 2714 recondite
630 2669 717 2716 uero
741 2650 853 2716 uobis
876 2652 1078 2716 thesauros
1100 2649 1136 2712 in
1161 2645 1276 2722 caelo,

125 2752 193 2818 ubi
227 2773 345 2837 neque
378 2755 481 2820 tinea
512 2773 632 2837 neque
655 2756 788 2841 robigo
821 2757 1053 2832 exterminat,
1084 2753 1275 2819 ubifures

124 2877 198 2923 nou
230 2861 451 2942 perfodiunt
483 2865 518 2926 et
551 2863 734 2928 furantur.
766 2863 828 2927 nbi
853 2865 950 2928 enim
974 2863 1047 2926 erit
1069 2863 1274 2926 thesaurus

124 2971 229 3045 tuus,
263 2967 316 3032 ibi
350 2968 422 3032 erit
454 2971 491 3034 et
522 2987 584 3034 cor
616 2971 731 3033 tuum.
765 2969 877 3033 deinde
910 2968 1086 3034 subiunxit:
1121 2969 1276 3032 lucerna

217 3231 234 3283 5
252 3229 352 3285 Matth.
372 3231 397 3294 6,
417 3229 451 3282 25
544 3230 576 3284 12
596 3230 694 3284 Matth.
714 3232 739 3294 6,
758 3231 802 3284 22.
822 3230 856 3284 23
954 3233 987 3283 18
1005 3229 1104 3285 Matth.
1124 3229 1149 3292 6,
1170 3227 1273 3281 19-21

124 3317 162 3370 23
181 3316 281 3370 Matth.
301 3317 326 3380 6,
346 3317 380 3370 22

163 3439 180 3493 3
203 3438 251 3493 sed
272 3455 414 3493 mamonae
436 3456 458 3493 a.
484 3441 500 3493 l.
520 3457 554 3494 m.
575 3440 639 3494 20
745 3441 913 3495 conuincitur
935 3457 1105 3496 mammonae
1128 3439 1230 3494 seruire
1248 3439 1275 3492 A

122 3527 222 3598 4illo]
243 3527 297 3581 alio
316 3529 346 3582 D
400 3529 612 3598 'lprucnrarent
629 3529 721 3582 PDM
769 3529 963 3584 Successitati
981 3536 1025 3584 sat
1043 3533 1086 3583 est
1099 3529 1141 3600 Ρ(
1158 3527 1275 3582 necessi-

122 3616 194 3670 tatis
213 3615 292 3670 adest
309 3615 405 3669 DAM
420 3617 592 3670 necessitatis
612 3617 679 3670 satis
699 3624 742 3670 est
760 3617 799 3670 bd
917 3619 1039 3687 poterint
1056 3636 1071 3686 γ
1092 3615 1194 3686 poterit
1210 3614 1277 3668 ΒΜ

122 3721 178 3758 non
198 3708 231 3758 ut
248 3704 275 3756 B
365 3706 381 3758 9
401 3705 543 3774 euangelio
561 3705 589 3760 B
681 3706 714 3759 10
731 3705 946 3775 praedicatione]
965 3707 1108 3776 praeconio
1122 3698 1273 3772 PDMApb

124 3793 157 3847 11
175 3791 309 3862 quidquid
328 3791 433 3862 PDMp
488 3795 529 3862 ut]
550 3796 579 3848 et
596 3797 628 3848 nt
645 3793 682 3847 Μ
737 3795 769 3847 12
789 3798 818 3848 et
836 3809 887 3848 om.
907 3794 1013 3864 PDMp
1072 3793 1165 3848 oculus
1184 3795 1227 3845 eat
1244 3790 1274 3844 D

125 3881 161 3934 13
179 3879 263 3933 luerit
281 3879 395 3948 simplex
413 3881 441 3934 A
510 3882 544 3935 14
561 3883 625 3934 tuus
643 3897 695 3934 om.
713 3881 806 3934 PMD
875 3883 906 3935 17
927 3881 1046 3952 adhucp
1118 3878 1273 3935 elemosinis

122 3967 318 4038 ABNLDMp
418 3970 452 4023 18
472 3971 499 4022 in
517 3970 597 4023 terris
617 3969 760 4024 thesauros
779 3971 807 4022 A
905 3971 938 4025 19
957 3987 1040 4040 erugo
1061 3968 1272 4036 GLOABDMp

122 4056 308 4112 exterminant
324 4055 420 4110 ΒΜΝ
506 4058 541 4111 20
560 4057 608 4111 aed
626 4057 765 4114 recondite
783 4059 814 4112 D
886 4060 964 4114 nebia
982 4075 1079 4129 uerop
1169 4059 1201 4114 21
1222 4073 1273 4111 nee

121 4145 201 4199 tinea
218 4144 256 4198 M
338 4143 435 4214 rubigo
453 4145 739 4215 LOABDFMprd
824 4149 1003 4202 exterminant
1020 4147 1079 4200 ΝΒ
1163 4147 1222 4214 ubi]
1243 4151 1272 4200 et

121 4232 172 4287 ubi
190 4230 303 4286 BNtd.
358 4235 431 4286 fures
449 4250 500 4288 om.
519 4236 546 4289 A
601 4237 635 4289 22
655 4235 789 4290 effodiunt
805 4236 898 4290 DMP
969 4236 1006 4306 et]
1026 4252 1076 4290 nec
1093 4235 1139 4307 Νγ
1199 4235 1270 4289 onim

122 4339 176 4378 nm.
195 4321 233 4375 M
303 4323 365 4390 erit]
386 4325 429 4375 est
445 4319 479 4374 N
