3109 4959
569 429 611 485 de
641 390 910 486 coutinentia.
1251 436 1314 499 155

151 624 363 708 iniquitas.
397 626 514 691 etenim
542 646 580 691 ue
603 626 750 704 fortusse,
775 646 849 692 cum
877 628 1095 693 audissemus:
1118 630 1315 711 peceatum

153 732 274 798 uobis
303 752 372 797 nou
402 734 669 813 dominabitur,
693 752 750 799 uos
774 735 864 817 ipsos
888 736 1111 800 extolleremus
1135 738 1168 798 et
1190 734 1313 799 uiribus

152 841 281 905 nostris
317 841 378 906 huo
411 841 633 921 tribueremus,
668 842 777 906 statim
811 843 871 907 boc
904 842 988 906 uidit
1020 842 1186 925 spostolus
1218 845 1314 923 utque

153 946 315 1013 subiecit:
334 968 404 1013 nou
429 950 523 1013 enim
548 950 643 1013 estis
668 950 736 1013 sub
761 952 856 1033 lege,
876 948 941 1013 sed
964 950 1033 1013 sub
1054 950 1188 1032 gratis
1213 948 1316 1032 gratie

116 1078 131 1115 r
153 1054 272 1137 itaque
295 1054 382 1131 iacit,
401 1058 439 1119 ut
460 1060 628 1137 peccatum
651 1056 710 1119 tibi
733 1075 795 1121 nou
820 1056 1009 1123 dominetur.
1033 1056 1097 1119 noli
1121 1074 1196 1140 ergo
1220 1055 1259 1118 de
1282 1058 1314 1118 te

152 1161 269 1239 fidere,
285 1182 323 1225 ne
342 1162 444 1227 multo
465 1162 604 1245 emplius
623 1162 696 1227 iude
715 1163 774 1227 tibi
794 1162 983 1227 dominetur.
1009 1166 1041 1228 et
1059 1182 1133 1227 cum
1151 1161 1314 1226 audimus:

152 1270 190 1333 si
215 1268 357 1350 spiritu
376 1268 547 1333 actiones
567 1275 691 1334 carnis
711 1268 1061 1347 mortificaueritis,
1078 1269 1236 1346 uinetis,
1252 1286 1313 1331 non

151 1375 223 1441 hoc
246 1380 372 1440 tantum
395 1376 514 1440 bonum
540 1376 667 1457 spiritui
691 1379 810 1455 nostro,
831 1377 923 1458 quusi
945 1396 1001 1458 per
1023 1394 1058 1441 se
1081 1376 1188 1458 ipsum
1212 1374 1316 1458 possit

152 1484 235 1563 istu,
251 1482 441 1547 tribuemus.
460 1501 531 1547 uem
551 1501 590 1547 ne
609 1484 708 1547 istum
729 1485 886 1549 carnalem
906 1502 1035 1548 sensum
1055 1483 1169 1567 spiritu
1187 1487 1313 1547 mortuo

104 1618 132 1658 ιο
153 1590 272 1673 potius
298 1609 395 1672 quam
418 1590 628 1655 mortificante
652 1608 845 1672 saperemus,
868 1590 944 1655 ilico
968 1588 1103 1656 eddidit:
1128 1593 1315 1671 quotquot

153 1696 261 1761 enim
285 1698 424 1779 spiritu
449 1696 510 1761 dei
534 1700 707 1782 aguntur,
736 1697 774 1761 hi
807 1696 888 1761 filii
923 1701 1013 1763 sunt
1040 1697 1109 1763 dei.
1143 1697 1252 1779 itaque
1277 1698 1315 1760 ut

154 1804 279 1887 spiritu
302 1806 410 1869 nostro
436 1822 530 1887 opera
554 1803 656 1867 curnis
684 1802 924 1880 mortificemus,
954 1803 1068 1887 spiritu
1098 1802 1148 1867 dei
1177 1803 1312 1887 agimur,

154 1910 218 1993 qui
243 1910 297 1975 dat
321 1910 557 1989 continentiam,
578 1930 640 1992 que
663 1911 834 1989 frenemus,
854 1911 1031 1979 domemus.
1050 1910 1218 1974 uincamus
1243 1927 1313 1974 con·

154 2016 403 2100 cupiscentiam.

106 2151 134 2191 rs
210 2124 261 2187 13.
289 2123 326 2187 In
354 2123 415 2188 hoc
443 2126 508 2188 tam
536 2142 652 2208 magno
683 2123 816 2206 proelio,
844 2124 877 2188 in
910 2142 972 2205 quo
1005 2123 1091 2187 uiuit
1122 2122 1218 2187 bomo
1251 2122 1311 2187 sub

155 2232 268 2314 gretie
295 2235 337 2306 et,
361 2250 435 2295 cum
461 2232 543 2295 bene
569 2234 691 2315 pugnet
720 2230 860 2309 adiutus,
885 2230 1006 2294 exultet
1032 2230 1063 2293 in
1088 2230 1215 2293 domiuo
1240 2248 1313 2292 cum

155 2344 310 2415 tremore,
344 2357 405 2401 non
443 2336 559 2402 desunt
595 2342 700 2402 temen
738 2339 833 2403 etiam
867 2338 1006 2402 strenuis
1037 2337 1248 2401 bellatoribus
1281 2342 1313 2399 et

156 2464 296 2527 operum
317 2444 417 2507 cernis
438 2446 586 2526 quemuis
605 2444 735 2509 inuictis
756 2444 1037 2509 mortificatoribus
1058 2444 1164 2526 ulique
1182 2442 1315 2506 uulnera

155 2554 377 2635 peccatorum,
409 2552 538 2634 propter
570 2556 650 2632 qu'ee
684 2551 823 2616 sananda
855 2551 971 2616 cotidie
998 2551 1154 2615 ueraciter
1190 2549 1311 2613 dicant:

107 2684 135 2722 so
156 2657 315 2721 dimitte
340 2656 449 2721 nobis
474 2656 603 2722 debita
625 2663 766 2729 nostra.
788 2663 897 2723 contra
920 2658 1028 2723 eudem
1052 2658 1133 2723 uitis
1152 2661 1185 2722 et
1203 2659 1312 2721 contre

156 2763 324 2828 diabolum
352 2763 525 2846 principem
553 2784 723 2849 regemque
750 2764 904 2829 uitiorum
932 2766 1036 2829 multo
1062 2762 1249 2848 uigilantius
1279 2765 1312 2826 et

156 2870 267 2933 uerius
295 2870 366 2953 ipse
394 2871 534 2935 oratione
562 2876 729 2947 certantes,
758 2891 797 2935 ue
826 2872 946 2953 aliquid
974 2872 1104 2935 ualeant
1132 2869 1310 2935 mortiferae

157 2976 386 3061 suggestiones
416 2977 495 3052 eius,
520 2978 636 3060 quibus
660 2979 795 3063 instigat
816 2979 947 3061 insuper
968 2983 1165 3059 peccatorem
1190 2976 1312 3039 adsue

251 3239 463 3304 disemum
536 3240 692 3305 runnu,
714 3242 746 3295 13
814 3240 985 3301 iuuene,
1008 3242 1041 3294 14
1114 3238 1307 3301 cf.Ps.2,11

156 3327 194 3380 20
213 3326 315 3381 matth.
335 3330 360 3391 6,
381 3329 414 3382 12

198 3452 267 3505 lue
287 3450 356 3505 forte
372 3458 437 3521 post
455 3452 622 3507 audissemus
642 3454 690 3524 leg,
708 3454 740 3507 ire
762 3454 788 3506 T
858 3453 928 3507 forte
947 3453 1028 3507 DXd
1111 3452 1196 3506 dsed
1214 3452 1311 3506 orreo

156 3542 174 3595 5
195 3558 251 3595 uon
270 3540 320 3595 tibi
343 3541 394 3594 ΤΒ
494 3542 546 3595 tibi
566 3546 702 3613 peceatum
722 3559 776 3596 non
795 3542 949 3596 dominetur
966 3543 995 3597 R
1011 3560 1066 3596 nou
1086 3542 1239 3595 dominetur
1256 3542 1309 3594 tibi

154 3634 303 3701 peccatum
321 3630 352 3684 D
423 3647 475 3684 non
495 3648 546 3685 one.
565 3630 602 3684 M
695 3631 775 3699 due]
795 3634 826 3684 ut
845 3631 874 3685 D
946 3631 997 3685 cibi
1015 3630 1079 3685 inde
1099 3630 1173 3696 (inde
1191 3647 1212 3685 c.
1232 3630 1263 3698 t.)
1286 3631 1312 3683 Τ

155 3718 315 3772 audi-smus
333 3719 360 3771 B
404 3720 526 3772 icemis
545 3736 578 3773 cx
597 3736 689 3773 carues
708 3719 746 3772 M
786 3719 928 3789 8quemsi
946 3719 983 3772 M
1000 3720 1091 3789 quaesi
1112 3720 1164 3773 ΤΒ
1206 3719 1307 3787 dieta]

154 3806 241 3861 itae]
277 3807 309 3861 10
328 3806 526 3861 uiuificanteR
580 3808 774 3862 mortificantes
790 3810 924 3877 sperimus
941 3808 967 3862 T
1018 3808 1092 3863 illico
1109 3807 1170 3861 ΟΜ
1223 3808 1308 3878 quod·

157 3896 280 3967 quodO
368 3899 398 3949 ll
420 3896 504 3950 biiB
597 3896 629 3950 13
648 3896 785 3950 irenemur
807 3898 832 3950 T
922 3900 953 3952 15
972 3901 1028 3950 tam
1047 3914 1146 3967 magum
1165 3897 1217 3949 boc
1235 3896 1309 3950 Det

157 3988 193 4039 lc
215 3987 332 4039 exsultat
349 3984 456 4041 Bxuu
493 3987 525 4039 17
545 4003 598 4038 non
617 3989 709 4039 tumen
728 3986 811 4039 etiem
826 3984 924 4039 desunt
938 3985 1000 4039 DX
1052 3984 1169 4038 strenuis
1184 3984 1309 4039 etiumR

155 4074 271 4139 inuictis
297 4076 329 4135 (s.
356 4074 373 4127 l.
400 4075 529 4139 strenuis)
552 4074 578 4126 T
601 4074 738 4127 strennuis
764 4074 788 4127 C
894 4074 928 4127 18
951 4091 1045 4144 opere·
1070 4078 1098 4138 (e
1119 4074 1152 4126 ἐπ
1172 4079 1241 4138 ras.)
1268 4072 1309 4125 ct

156 4164 193 4217 19
213 4166 323 4232 propter
341 4162 513 4217 omMACb
584 4162 703 4217 sanando
721 4161 745 4215 G
815 4162 928 4217 cottidie
947 4161 1098 4216 TACbBG
1144 4162 1180 4216 20
1198 4161 1308 4214 uiteA¹

156 4252 191 4306 21
214 4254 243 4305 et
260 4251 390 4305 uitiorum
409 4268 499 4320 regem
519 4252 581 4305 DX
723 4252 757 4305 22
780 4251 892 4305 ualeant
915 4251 1018 4320 aliquid
1040 4249 1309 4305 MADCbBOXRd

156 4340 194 4395 23
213 4340 385 4410 sugestiouee
406 4338 447 4393 Cb
520 4340 564 4411 ed]
584 4340 617 4394 ub
642 4338 733 4393 TA113
751 4338 786 4393 ud
804 4356 826 4395 s.
847 4341 863 4393 l.
883 4339 914 4393 D
932 4357 967 4394 er.
986 4341 1018 4394 in
1036 4340 1073 4393 M
