3109 4959
292 419 358 483 368
652 415 678 468 S.
707 413 843 469 Aureli
870 412 1087 482 Augustini

291 628 366 672 uera
385 609 452 674 eius
471 608 628 690 pudicitia
646 627 718 672 cum
739 608 874 692 coniuge
893 606 955 672 dici
974 609 1091 689 petest,
1112 606 1186 687 quia
1204 624 1317 670 omne
1336 605 1432 687 quod

291 735 365 779 non
395 718 458 779 est
485 733 529 780 ex
557 715 652 789 fide,
681 718 894 798 peccatum
924 717 1003 778 est:
1033 715 1179 796 quamuis
1202 731 1314 777 ueram
1335 712 1433 776 fidelis
1552 710 1553 795 l

290 821 406 886 habeat
434 820 620 904 pudicitiam
649 821 744 885 etiam
773 839 847 884 cnm
870 821 988 885 infideli
1012 821 1157 903 coniuge,
1181 819 1237 902 qui
1260 838 1322 883 non
1346 819 1436 883 habet
1552 818 1553 825 ’

290 947 409 994 ueram.
434 926 504 992 ideo
529 931 636 992 autem
660 946 717 992 nec
741 927 844 992 iuberi
866 927 1044 992 debuerunt
1064 926 1175 991 fideles
1200 926 1239 990 ab
1258 925 1435 990 infidelibus
1552 990 1553 1027 1

292 1035 439 1117 separari,
468 1034 544 1116 quia
574 1054 634 1099 nou
663 1037 771 1099 contra
798 1035 972 1099 iussionem
1000 1033 1121 1099 domini
1148 1033 1285 1117 gentiles
1314 1032 1437 1097 fuerunt
1466 1058 1478 1094 s

291 1141 384 1205 ambo
409 1141 577 1206 coniuncti.
1552 1166 1553 1227 j

336 1249 389 1311 21.
415 1247 570 1328 Quoniam
595 1266 670 1332 ergo
695 1248 733 1312 ab
752 1247 873 1311 infideli
892 1246 1018 1312 fidelem
1039 1245 1200 1312 discedere
1218 1265 1276 1310 nec
1294 1245 1439 1328 prohibet
1552 1232 1553 1235 ¹

292 1373 348 1418 nec
372 1355 462 1419 iubet
486 1355 643 1432 domiuus,
666 1354 738 1420 ideo
762 1357 884 1418 utnon
908 1354 1051 1419 discedat
1078 1354 1243 1437 apostolus
1268 1353 1359 1430 dicit,
1382 1371 1439 1416 non

292 1461 449 1540 dominus,
471 1461 590 1526 habens
613 1461 724 1543 ntique
749 1461 897 1542 spiritum
921 1464 1077 1536 sanctum,
1097 1460 1129 1524 in
1154 1478 1215 1542 quo
1240 1460 1316 1524 darc
1333 1465 1441 1542 posset

291 1569 370 1633 utile
395 1572 426 1632 et
449 1567 541 1633 fidele
565 1568 744 1634 consilium.
768 1568 851 1632 unde
875 1587 946 1633 curn
972 1568 1105 1632 dixisset
1128 1567 1166 1631 de
1184 1567 1331 1646 muliere,
1352 1567 1439 1632 cuius
1455 1589 1479 1627 n

291 1676 342 1739 uir
365 1678 509 1740 mortuus
529 1676 641 1740 fuerit:
665 1676 828 1741 beatior
850 1679 984 1740 autem
1008 1675 1097 1752 erit,
1123 1675 1157 1739 si
1180 1675 1242 1739 sic
1265 1693 1440 1757 perman-

292 1783 405 1860 serit,
423 1782 643 1846 secundum
662 1801 789 1846 meum
805 1782 1038 1859 consilium,
1052 1801 1093 1846 ne
1112 1782 1182 1863 quis
1196 1781 1258 1845 hoc
1272 1781 1440 1845 consilium

291 1891 453 1969 tamquam
487 1889 661 1952 humanum
690 1890 722 1951 et
748 1906 811 1952 non
840 1887 983 1951 diuinum
1012 1887 1276 1953 contemnendum
1305 1891 1442 1970 putaret

293 1994 421 2061 adiecit:
450 1998 548 2076 puto
574 1996 717 2072 autern,
743 1997 782 2058 et
806 2013 877 2079 ego
902 1995 1096 2076 spiritum
1120 1994 1183 2058 dei
1206 1994 1347 2058 habeo.
1375 2015 1441 2077 pm·

291 2101 364 2165 inde
388 2100 637 2184 intellegendum
662 2103 712 2164 est
736 2101 830 2164 etiam
854 2100 935 2182 ipsa,
956 2120 1036 2182 quae
1059 2119 1120 2164 nan
1145 2119 1162 2164 a
1186 2099 1316 2165 dominc
1334 2100 1442 2165 iuben·
1459 2121 1482 2160 n

291 2211 354 2284 tur,
371 2206 427 2271 sed
446 2227 465 2271 a
483 2211 592 2272 sancto
613 2208 681 2271 eiua
701 2207 822 2272 famulo
841 2207 965 2271 utiliter
983 2208 1164 2288 suadentur,
1184 2207 1295 2270 ecdem
1316 2207 1443 2272 dominc

291 2313 465 2397 inspirante
491 2313 626 2378 suaderi.
652 2313 736 2378 absit
760 2314 853 2391 enirn,
874 2317 911 2378 ut
935 2313 1104 2396 quisquam
1123 2312 1302 2378 catholicus
1322 2313 1443 2380 dixerit

293 2419 417 2501 quando
448 2419 561 2484 suadet
589 2420 721 2504 spiritus
750 2424 891 2498 sanctus,
920 2440 981 2486 non
1009 2420 1173 2485 domiuum
1201 2421 1344 2496 suadere,
1370 2439 1442 2484 cnm

294 2526 417 2608 etipse
441 2524 588 2590 dominus
613 2527 656 2590 sit
678 2529 710 2590 et
732 2527 955 2608 inseparabilia
979 2527 1043 2591 siut
1066 2545 1160 2608 opera
1176 2526 1341 2590 trinitatis.
1366 2527 1445 2591 dicit

293 2637 414 2697 tamen:
439 2632 483 2696 de
503 2633 739 2716 uirginibus
760 2637 893 2698 autern
912 2638 1176 2716 praeceptum
1196 2632 1347 2697 domini
1367 2651 1441 2696 nan
1459 2655 1485 2691 a

293 2739 429 2815 habeo,
459 2738 680 2803 consilium
704 2742 838 2803 autem
862 2738 918 2817 de,
941 2757 1003 2803 non
1027 2743 1066 2803 ut
1085 2738 1149 2803 hoc
1170 2738 1340 2802 consilium
1366 2739 1443 2802 alie-

294 2865 370 2910 num
395 2845 612 2910 existimemus
638 2864 655 2909 a
678 2845 817 2923 domino,
841 2865 914 2910 cum
938 2845 1087 2910 continuo
1111 2848 1265 2927 aequatur
1286 2848 1320 2909 et
1341 2845 1442 2909 dicat:

293 2957 495 3035 tamquam
521 2951 851 3017 misericordiam
874 2954 1125 3017 consecutus
1144 2951 1261 3029 adeo,
1281 2950 1443 3016 utlide·

293 3058 346 3123 lis
371 3077 510 3123 essem.
534 3059 710 3123 secundum
734 3057 830 3123 deum
854 3077 928 3140 ergo
953 3057 1007 3123 dat
1029 3057 1122 3123 fidele
1150 3058 1320 3124 consilinm
1347 3059 1380 3121 in
1403 3077 1442 3122 ec

294 3165 418 3247 spiritu,
443 3165 481 3228 dc
510 3183 572 3247 quc
602 3165 660 3228 ait:
687 3168 786 3246 puto
816 3169 960 3242 autem,
986 3169 1024 3229 et
1052 3183 1122 3248 ego
1151 3165 1346 3247 spiritum
1377 3165 1443 3229 dci
1462 3186 1489 3224 rs

293 3272 428 3336 habeo.

339 3379 391 3440 22.
416 3375 534 3441 Verum
552 3380 660 3442 tamen
678 3377 766 3443 aliud
785 3382 836 3442 est
853 3378 973 3443 demini
991 3378 1130 3443 iubentis
1152 3379 1335 3461 imperium,
1354 3379 1444 3444 alind

295 3483 439 3550 conserui
473 3485 647 3548 secundum
680 3485 930 3550 misericordiam
964 3485 1115 3562 caritatis,
1149 3505 1230 3567 quae
1262 3485 1310 3549 illi
1342 3491 1393 3551 est
1424 3507 1444 3550 a

385 3675 397 3728 l
418 3674 495 3729 Rom.
517 3676 560 3738 14,
580 3675 615 3730 23
671 3677 701 3730 ll
723 3675 737 3729 I
757 3675 817 3730 Cor.
837 3677 862 3739 7,
881 3676 917 3730 40
971 3676 1118 3732 201001.
1138 3677 1163 3741 7,
1181 3678 1217 3732 25

331 3781 427 3834 acum
446 3779 519 3834 nueu
538 3780 596 3834 ar
667 3797 718 3852 qua
738 3780 837 3837 uem
898 3781 1043 3836 eruerant
1065 3783 1219 3838 ramata
1280 3782 1443 3837 edomans

295 3868 485 3922 neciubetS
549 3869 736 3940 1uetpac1t
801 3872 834 3925 13
853 3874 882 3924 et
900 3888 951 3927 om.
969 3871 1039 3925 Nbd
1107 3874 1140 3926 14
1159 3873 1198 3940 et]
1219 3871 1292 3940 quod
1311 3875 1341 3925 et
1356 3871 1441 3940 (qnod
1552 3858 1553 3915 i

293 3974 314 4010 s.
335 3958 364 4024 l.)
380 3956 596 4021 B,VEMNRS
665 3959 781 4013 habeam
800 3957 941 4014 VEMNS
989 3961 1022 4016 15
1042 3977 1059 4012 a
1076 3959 1174 4013 cm.E
1224 3961 1260 4013 20
1278 3959 1446 4030 uirgibusT

294 4047 327 4099 21
348 4049 438 4099 autern
458 4063 518 4114 exp.
537 4063 570 4102 m.
591 4051 610 4101 2
628 4047 665 4101 M
729 4049 763 4101 23
784 4048 892 4103 dominc
915 4048 979 4102 Vbd
1045 4050 1080 4103 24
1099 4065 1163 4117 ergo
1182 4048 1262 4103 deum
1281 4049 1310 4105 R
1380 4049 1440 4118 dar]

295 4131 468 4186 dicatBVE
538 4135 677 4188 seruilium
697 4135 777 4189 fidele
792 4136 909 4190 EMNS
960 4138 994 4191 25
1014 4137 1086 4206 quod
1105 4137 1292 4192 arundus
1342 4139 1377 4191 26
1390 4138 1441 4190 hs·

294 4221 372 4276 beam
391 4222 477 4276 EMS
493 4222 579 4277 haben
600 4226 627 4290 (c
646 4225 677 4277 in
695 4229 764 4290 ras.)
783 4224 815 4278 N
876 4225 910 4278 27
928 4229 1134 4296 ucrnmptamen
1152 4225 1214 4280 ΕΝ
1283 4231 1325 4280 est
1341 4243 1394 4280 om.
1413 4226 1443 4280 R

295 4315 337 4364 est
356 4311 429 4366 aliud
448 4311 475 4366 lt
529 4311 563 4366 28
582 4313 719 4376 conseruit
742 4313 767 4366 T
838 4314 939 4368 catilli
963 4314 1025 4370 th
