3109 4959
272 409 338 474 272
633 403 659 458 S.
688 402 827 458 Aureli
853 402 1069 472 Augustini

272 599 326 663 diu
359 600 496 664 diximus
529 600 730 681 multumque
757 597 970 674 uersauimus,
998 597 1125 663 licitum
1154 602 1222 663 erat
1247 618 1304 680 per
1328 599 1413 664 iusti-

270 707 360 782 tiam,
390 705 444 771 sod
475 706 571 770 etiam
598 705 724 769 licitum
752 723 814 770 non
841 710 909 768 orat
935 704 1116 768 faciendum
1139 707 1268 787 propter
1287 704 1415 770 liberam

271 813 536 878 beneuolentiam.

315 919 401 984 XXI.
431 920 483 985 25.
512 919 561 983 Tu
594 921 712 994 autem,
746 917 798 983 oui
829 918 936 999 placet
962 917 1008 983 its
1034 937 1096 984 non
1123 919 1218 983 lioore
1247 918 1332 1001 quod
1358 937 1417 982 non

271 1029 361 1091 uetat
388 1024 545 1102 dominus,
570 1026 627 1090 sed
655 1025 832 1108 apostolus,
857 1024 1124 1107 quomadmodum
1152 1043 1214 1089 nou
1237 1023 1317 1088 lieet
1337 1024 1456 1108 quods

271 1137 361 1198 uetat
383 1131 541 1209 dominus,
562 1149 635 1195 oum
659 1149 812 1214 exponere
835 1131 1007 1206 uoluisses,
1027 1131 1102 1213 quid
1126 1130 1190 1194 sibi
1207 1130 1318 1210 uellet,
1337 1131 1420 1214 quod

272 1240 330 1302 ait:
356 1256 427 1321 ego
452 1237 552 1316 dico,
572 1256 646 1301 non
671 1237 869 1312 dominus,
890 1255 962 1301 oum
981 1236 1195 1319 alloqueretur
1212 1236 1335 1312 fideles,
1355 1239 1420 1320 qui-

270 1345 331 1409 bus
352 1347 459 1410 essent
472 1345 623 1428 ooniuges
640 1343 795 1422 infideles,
810 1344 933 1408 dixisti:
953 1344 1059 1426 ‘quie
1076 1344 1263 1409 dominus
1282 1344 1419 1421 iussit,

272 1471 318 1517 ne
353 1450 548 1535 coniugia
581 1450 751 1515 sibimet
783 1450 973 1514 diuersae
1005 1450 1227 1535 religionis
1261 1452 1419 1534 copula·

271 1558 422 1622 rentur’
457 1559 489 1621 et
525 1557 633 1638 ipsum
666 1557 841 1621 adhibuisti
873 1556 1095 1622 testimonium
1123 1557 1243 1622 domini
1271 1557 1418 1621 dicentis:
1437 1583 1458 1625 u

271 1683 347 1728 non
384 1661 566 1745 accipies
600 1680 760 1727 uxorem
794 1662 888 1726 filio
920 1666 990 1729 tuo
1023 1682 1042 1727 a
1072 1663 1248 1728 filiabus
1282 1663 1421 1728 alieni·

272 1788 474 1854 genarum,
490 1788 539 1833 ne
558 1769 750 1834 traducat
768 1788 854 1833 sum
875 1773 968 1851 post
986 1769 1081 1834 deos
1106 1789 1202 1834 suos
1224 1773 1265 1834 et
1281 1773 1421 1852 pereat

272 1876 401 1940 anima
443 1875 543 1940 eius.
588 1874 740 1939 addidisti
778 1875 874 1938 etium
911 1875 1009 1940 uerba
1045 1877 1195 1959 apostoli,
1233 1877 1290 1940 ubi
1329 1875 1419 1939 dixit:

272 1982 421 2046 mulier
445 1982 623 2064 alligata
647 1984 719 2058 ost,
741 1981 935 2064 quamdiu
957 1983 1021 2046 uir
1044 1982 1134 2046 eius
1158 1982 1278 2047 uiuit.
1303 1981 1420 2065 quod·

272 2088 308 2151 si
337 2089 523 2151 mortuus
552 2087 682 2150 suerit
708 2088 771 2150 uir
800 2087 899 2166 eius,
928 2087 1106 2152 liberato
1133 2091 1212 2160 est3
1242 2088 1309 2151 oui
1331 2088 1460 2154 uultis

271 2194 406 2270 nubat,
430 2195 587 2257 tontum
611 2193 650 2256 in
675 2193 845 2257 domiuo.
870 2193 955 2275 quod
978 2193 1024 2258 its
1047 2193 1233 2275 exposuisti,
1254 2196 1292 2256 ut
1315 2193 1421 2257 adinn-

272 2320 362 2385 gores
386 2300 436 2364 ‘id
460 2304 524 2364 est
546 2299 797 2364 christiano’.
822 2299 934 2364 deiude
958 2305 1088 2366 seoutus
1113 2319 1146 2364 es
1170 2304 1203 2365 et
1225 2299 1314 2364 aisti:
1340 2300 1423 2365 ‘hoo

272 2409 336 2471 est
368 2425 461 2490 ergo
496 2406 647 2470 domini
679 2409 942 2489 praeceptum
971 2410 1050 2470 tam
1078 2407 1114 2470 in
1142 2406 1279 2471 ueteri
1308 2425 1422 2489 quum

272 2514 311 2577 in
346 2531 448 2578 nouo
490 2516 750 2588 testamento,
780 2516 824 2576 ut
858 2513 1022 2578 nonnisi
1050 2515 1171 2578 unius
1198 2513 1421 2596 religionis

273 2625 313 2684 et
336 2619 441 2684 fidei
461 2619 655 2703 coniugia
675 2619 756 2684 sibi
776 2623 961 2683 maneant
980 2621 1194 2702 oopulata’.
1219 2620 1248 2683 si
1266 2619 1328 2684 hoo
1348 2637 1421 2701 orgo
1439 2644 1468 2683 eo

271 2729 321 2790 ost
353 2725 471 2790 domini
503 2728 707 2809 praeceptum
740 2728 806 2789 tam
838 2726 871 2789 in
903 2727 1005 2791 ueteri
1035 2728 1229 2791 testamento
1263 2744 1358 2806 quam
1388 2725 1421 2788 in
1552 2716 1553 2723 '

272 2849 354 2897 nouo
384 2835 416 2896 et
443 2832 503 2896 hoc
532 2831 623 2896 iubat
651 2832 809 2904 dominus,
833 2831 892 2896 hoo
922 2832 1015 2897 dooet
1037 2833 1213 2915 apostolus,
1236 2836 1275 2897 ut
1296 2830 1422 2896 nonnisi

271 2937 366 3000 unius
403 2936 567 3020 religionis
605 2939 638 3001 et
668 2935 742 3000 fidei
773 2939 923 3025 maneant
955 2936 1104 3018 copulata
1135 2937 1293 3021 coniugia,
1326 2953 1421 3018 quare

272 3047 380 3107 contra
412 3043 472 3108 hoo
506 3043 625 3107 domini
656 3043 793 3119 iussum,
827 3048 936 3108 eontra
967 3042 1142 3108 doctrinam
1174 3063 1277 3120 suam,
1315 3045 1423 3107 contra

270 3153 474 3233 praeseptum
512 3151 695 3215 testamenti
732 3152 851 3214 ueteris
884 3154 917 3214 et
948 3150 1023 3215 noui
1055 3150 1146 3216 iubet
1176 3149 1352 3233 apostolus,
1385 3153 1424 3210 ut
1441 3181 1469 3218 ss

271 3255 415 3321 diuersas
448 3256 521 3320 fidei
555 3257 702 3340 coniugia
733 3260 883 3321 maneant
915 3257 1084 3340 copulata?
1121 3257 1226 3340 ‘quia
1256 3256 1421 3329 Paulus,

271 3362 387 3444 inquis,
422 3362 604 3444 gentium
643 3362 908 3444 praedicator
940 3369 979 3426 et
1010 3364 1238 3445 apostolus,
1273 3363 1349 3426 ism
1380 3362 1420 3424 in

272 3469 893 3552 coniugiopositosnonsolum
912 3468 1421 3548 monetsedetiamiubet,

361 3711 392 3764 11
413 3711 496 3764 Dent.
516 3712 540 3774 7,
559 3713 584 3766 3.
604 3713 621 3765 4
677 3714 710 3765 14
729 3711 742 3765 Ι
763 3711 822 3766 Cor.
843 3713 867 3775 7,
888 3713 921 3767 39

307 3851 323 3902 2
346 3851 473 3906 illicitum
498 3853 521 3906 si
544 3852 612 3907 illud
637 3854 672 3918 (si
694 3854 764 3907 illud
787 3871 822 3908 m.
847 3859 867 3908 2
888 3871 910 3910 s.
934 3855 966 3921 l.)
989 3853 1017 3906 V
1036 3855 1163 3908 illicitum
1186 3855 1293 3909 scilicet
1313 3853 1423 3908 illios

271 3939 396 3992 iilioitnm
415 3940 446 3993 Ε
515 3941 763 3995 3bemuolentiam
782 3943 904 3998 EMNR
976 3944 1144 3998 6uoluisset
1160 3943 1225 3998 MR
1293 3943 1422 3998 tudetes

270 4028 321 4097 (les
340 4043 361 4082 s.
381 4030 399 4082 t.
419 4028 484 4084 add.
504 4045 537 4083 m.
557 4030 631 4095 2)T
668 4033 700 4085 15
719 4029 879 4085 uolueritR
917 4033 949 4086 16
969 4031 1041 4101 quod
1059 4032 1083 4086 si
1097 4031 1130 4086 S¹
1168 4033 1200 4086 17
1221 4031 1419 4086 christisnsT¹

271 4115 364 4168 dixisti
381 4115 410 4172 R
520 4120 552 4172 19
576 4121 741 4173 testamento
766 4124 796 4173 ot
818 4121 869 4173 hoo
894 4121 971 4174 iubet
994 4110 1044 4175 dus
1062 4121 1115 4176 hoo
1137 4121 1217 4175 docet
1235 4121 1374 4191 spostolus
1392 4120 1422 4174 R

271 4205 305 4257 22
325 4203 449 4259 domiuus
470 4205 546 4276 eti*
606 4208 641 4260 24
660 4207 711 4262 hoo
729 4223 781 4260 om.
804 4207 944 4263 TVEMS
1004 4211 1038 4264 27
1057 4209 1227 4280 praedicator
1244 4209 1368 4280 gentium
1385 4209 1424 4262 M

271 4295 305 4347 28
325 4295 471 4347 manetM
541 4295 617 4350 iubet
637 4296 717 4350 etism
737 4297 769 4349 N
