3109 4959
304 447 368 508 422
657 443 681 497 S.
710 443 848 498 Aureli
875 443 1094 515 Augustini

302 659 359 720 per
386 659 420 704 se
448 639 554 722 ipsum
582 638 743 704 laudabile
771 641 967 724 proponitur,
996 641 1093 721 aliud,
1122 643 1207 724 qnod
1234 643 1266 707 in
1291 643 1444 710 deterioris

304 747 526 829 conparatione
554 746 768 828 praeponitur.
807 748 900 812 aliter
922 748 1006 813 enim
1030 751 1237 832 gratulamur,
1262 769 1334 815 cum
1359 771 1445 816 sanus

305 854 479 932 esthemo,
499 853 602 930 aliter,
623 871 694 917 oum
715 853 831 918 melius
850 854 948 918 habet
965 857 1126 939 aegrotus.
1145 876 1218 921 nam
1237 856 1269 919 in
1289 858 1444 940 scriptuns

304 961 384 1043 ipsis
407 959 580 1024 iustificata
600 959 696 1024 etiam
716 959 855 1025 Sodoma
874 961 991 1025 dicitur
1008 962 1039 1025 in
1059 962 1281 1046 conparatione
1300 964 1444 1028 scelerum

303 1066 415 1150 populi
437 1066 569 1131 Israhel.
602 1068 634 1130 et
657 1065 697 1130 ad
720 1065 800 1130 hanc
822 1066 966 1150 regulam
991 1065 1133 1152 dirigunt
1155 1070 1261 1134 omnia
1283 1071 1443 1146 mendacia,
1466 1094 1476 1133 s

305 1191 385 1256 quae
414 1172 615 1256 proferuntur
639 1172 677 1236 de
701 1172 864 1236 ueteribus
887 1173 977 1237 libris
1000 1192 1058 1238 nec
1081 1174 1273 1256 reprehensa
1292 1175 1443 1240 inueniun-

303 1284 357 1344 tur
378 1280 430 1343 uel
453 1277 641 1361 reprehendi
663 1298 724 1344 non
748 1284 894 1360 possunt,
918 1282 956 1343 ut
974 1283 1031 1344 aut
1047 1278 1155 1345 indole
1172 1280 1403 1364 proficientium
1418 1288 1444 1346 et

304 1405 360 1468 spe
394 1385 607 1468 adprobantur
639 1388 695 1449 aut
728 1384 970 1468 significationis
1004 1385 1141 1451 alicuius
1174 1405 1270 1452 causa
1303 1408 1364 1454 nou
1391 1390 1443 1453 sint

305 1493 429 1557 omnino
454 1491 627 1556 mendacia.

350 1599 378 1663 8.
403 1599 443 1660 lit
465 1597 536 1662 ideo
562 1596 600 1661 de
623 1597 713 1661 libris
738 1597 815 1662 noui
832 1597 1019 1662 testamenti
1038 1599 1176 1680 exeeptis
1195 1598 1342 1684 figuratis
1360 1601 1441 1685 signi·
1457 1627 1473 1662 o

304 1703 504 1768 ficationibue
535 1703 663 1782 domini,
689 1703 717 1767 si
740 1704 841 1768 uitam
864 1721 1031 1786 moresque
1054 1709 1237 1770 sanctorum
1260 1709 1293 1771 et
1314 1707 1395 1772 facta
1413 1727 1442 1771 ao

302 1806 390 1874 'clieta
408 1809 598 1889 consideres,
619 1810 699 1874 nihil
717 1810 782 1874 tale
801 1809 933 1892 proferri
951 1813 1068 1894 potest,
1089 1812 1173 1895 quod
1193 1812 1232 1876 ad
1246 1813 1440 1879 imitationem

304 1920 458 1997 prouocet
488 1917 670 1981 mentiendi.
713 1916 876 1982 simulatio
910 1917 991 1982 enim
1018 1918 1106 1983 Petri
1138 1922 1172 1983 et
1197 1919 1362 1984 Barnabae
1391 1939 1441 1984 nou

304 2025 409 2088 solum
437 2027 693 2104 commemorata,
723 2043 835 2087 uerum
864 2023 959 2089 etiam
987 2026 1177 2108 reprehensa
1200 2028 1296 2108 atque
1320 2033 1444 2092 conecti

241 2143 244 2148 ’
305 2135 364 2195 est.
389 2149 448 2196 non
474 2131 566 2206 enim,
592 2135 629 2196 ut
646 2131 790 2195 nonnulli
808 2135 933 2212 putant,
952 2150 989 2195 ex
1008 2130 1118 2196 eadem
1138 2132 1341 2196 simulatione
1359 2133 1443 2197 etiam
1456 2158 1475 2197 a

304 2239 424 2303 Paulus
447 2237 617 2321 'apostolus
647 2241 701 2302 aut
730 2237 932 2303 Timotheum
961 2237 1162 2304 circumcidit
1188 2241 1246 2304 aut
1272 2238 1342 2322 ipae
1363 2257 1442 2321 quae

305 2345 377 2408 dam
404 2343 469 2408 ritu
492 2342 636 2410 iudaeioo
662 2346 859 2409 sacramenta
882 2343 1065 2421 celebrauit,
1090 2345 1147 2409 sed
1174 2364 1210 2409 ex
1232 2345 1289 2410 illa
1311 2345 1442 2410 libertate

305 2450 479 2516 sententiae
499 2469 586 2527 suae,
606 2470 669 2533 qua
691 2450 887 2532 praedicauit
910 2470 967 2515 neo
986 2450 1136 2534 gentibus
1155 2452 1308 2534 prodesse
1323 2452 1440 2517 circum·

304 2559 456 2624 cisionem
479 2576 537 2622 nec
564 2557 686 2622 iudaeis
715 2558 837 2622 obesse.
870 2557 953 2622 unde
982 2577 1040 2622 neo
1066 2557 1140 2623 ihos
1169 2559 1384 2644 astringendos
1407 2557 1439 2620 ad

304 2664 566 2730 consuetudinem
588 2663 774 2729 iudaeorum
797 2683 856 2728 neo
877 2665 951 2728 illos
975 2685 993 2728 a
1015 2667 1147 2747 paterna
1165 2664 1365 2732 deterrendos
1380 2683 1439 2729 ceu·
1453 2689 1473 2727 o

305 2771 380 2837 suit.
396 2770 479 2836 unde
498 2771 554 2836 illa
572 2771 670 2836 uerba
689 2770 759 2835 eius
774 2774 863 2835 sunt:
881 2770 1153 2837 circumcisus
1173 2773 1265 2854 quis
1284 2775 1438 2838 uocatus

305 2880 391 2942 est?
429 2897 502 2942 non
541 2877 715 2943 adducat
749 2873 985 2964 [praeputiuml.
1030 2879 1069 2943 in
1107 2880 1324 2962 praeputio
1360 2881 1439 2962 quis

304 2986 478 3048 uocatus
537 2987 622 3049 est?
673 3005 748 3051 uon
801 2984 1131 3050 circumcidatur.
1189 2984 1438 3052 circumcisio

304 3090 411 3154 nihil
435 3095 508 3169 est,
533 3095 571 3156 et
595 3092 860 3176 praeputium
887 3092 996 3156 nihil
1024 3094 1088 3157 est
1118 3092 1187 3157 sed
1218 3091 1439 3158 obseruatio

304 3196 587 3262 mandatorum
616 3197 690 3264 dei.
728 3198 1015 3280 unusquisque
1047 3198 1086 3262 in
1122 3219 1200 3282 qua
1235 3199 1473 3264 uocationee

309 3305 482 3368 uocatus
516 3305 588 3382 est,
621 3304 660 3368 in
694 3324 737 3369 ea
763 3307 1005 3388 permaneat.
1043 3305 1201 3387 quomodo
1234 3306 1316 3370 enim
1346 3304 1439 3387 potest

305 3407 419 3472 adduci
467 3409 667 3492 praeputium
711 3410 796 3493 quod
836 3411 1015 3494 praecisum
1057 3416 1132 3478 est?
1170 3413 1226 3479 sed
1267 3415 1347 3478 ‘non
1386 3408 1438 3474 ad·

393 3599 462 3654 301.
481 3599 529 3656 Ea.
551 3601 592 3664 16,
612 3601 647 3654 52
717 3601 750 3654 13
770 3599 803 3654 cf.
824 3599 883 3658 Gal.
903 3603 928 3664 2,
950 3605 991 3656 12.
1012 3604 1044 3658 13
1115 3604 1148 3657 15
1167 3605 1200 3658 ef.
1219 3603 1309 3674 Epist.
1328 3605 1359 3657 75
1374 3600 1437 3666 hug·

304 3689 437 3743 rae-11
494 3687 639 3744 21lcor.
660 3689 684 3750 7,
705 3689 811 3745 18-20

342 3812 531 3882 lpouiturF
576 3812 715 3866 ddicitur
733 3812 890 3867 sodomaF
959 3815 998 3884 in]
1020 3815 1104 3868 exE¹
1154 3815 1368 3884 lproflciendum
1380 3807 1438 3864 HR

305 3900 478 3970 proficientes
496 3901 549 3955 ΗΡ
564 3901 731 3971 proficientis
750 3901 777 3954 Β
850 3902 887 3972 et]
906 3905 963 3956 met
980 3901 1005 3956 S
1021 3906 1070 3956 aut
1088 3908 1100 3970 β
1169 3903 1202 3957 12
1220 3904 1291 3971 nil-3
1356 3901 1438 3970 potest

305 3988 453 4060 prodentia
534 3991 567 4046 13
587 3990 671 4060 enim]
692 4006 800 4059 nanque
818 3992 850 4044 ia
866 4007 923 4046 roo.
942 3992 973 4045 E
988 4007 1106 4060 namque
1125 3991 1162 4045 dd
1240 3993 1274 4046 14
1291 3990 1438 4060 reprehensa

306 4081 349 4130 est
368 4081 449 4147 atque
469 4081 590 4132 correcta
607 4077 702 4146 sura
785 4081 818 4133 17
836 4079 945 4133 iudaioo
964 4076 1160 4151 suffumat
1237 4073 1437 4140 resonantiae]

306 4165 436 4220 scientiae
455 4166 486 4220 F
538 4167 570 4220 19
589 4167 676 4221 iudeis
695 4167 724 4222 R
798 4167 1007 4238 adstringendae
1025 4169 1054 4224 Β
1116 4169 1151 4222 22
1170 4167 1318 4236 adduratd
1380 4179 1437 4232 pre·

305 4253 594 4322 putiumSom.M¹,
614 4256 926 4324 producentium
992 4259 1028 4311 25
1048 4275 1100 4327 quo
1117 4257 1156 4311 M
1225 4259 1260 4312 21
1279 4246 1440 4327 precisum-5

306 4342 490 4410 preciosumss
