3109 4959
275 418 341 481 502
634 416 661 468 S.
687 414 826 469 Aureli
854 414 1071 484 Augustini

262 612 317 677 ad
349 613 430 678 duos
462 612 536 677 illos
569 612 725 697 geminos,
753 612 956 676 mendacium
984 610 1159 685 uidebitur;
1193 608 1222 675 si
1250 612 1358 674 autem
1387 612 1425 675 ad

274 719 366 797 illud,
389 721 517 801 propter
540 718 625 801 quod
649 717 892 803 significandum
915 717 978 782 ista
1001 722 1102 803 gesta,
1127 717 1222 793 diota,
1247 716 1426 799 conscripta

275 830 361 902 sunt,
390 825 445 890 ille
469 828 520 889 est
542 825 594 889 hic
617 823 850 909 intellegendus
873 824 904 889 in
929 843 1057 908 corpore
1081 844 1150 899 suo,
1175 824 1259 908 quod
1283 826 1334 888 est
1357 824 1425 887 eius

276 933 421 1009 ecclesia,
451 932 506 1016 qui
530 931 568 996 do
591 934 652 997 hac
675 952 707 996 re
729 931 864 1013 loquens
888 932 946 997 ait:
977 950 1061 996 oum
1086 929 1285 995 uideritis
1309 930 1424 995 Abra·

276 1040 364 1103 ham
389 1040 565 1104 etIsaac
590 1041 628 1103 et
646 1038 766 1103 Iacob
792 1042 830 1103 ot
854 1057 985 1103 omnes
1004 1036 1224 1121 prophotas
1243 1036 1282 1099 in
1301 1054 1463 1121 regnos

276 1145 351 1224 dai,
374 1164 447 1210 nos
472 1148 606 1209 autom
630 1144 782 1228 expelli
805 1144 925 1209 foras.
951 1148 990 1209 at
1014 1144 1180 1208 uenient
1203 1143 1247 1207 ab
1269 1143 1424 1207 oriente

275 1256 315 1317 et
344 1251 558 1317 occidente
588 1254 627 1315 et
654 1250 848 1333 aquilone
878 1254 917 1314 et
947 1252 1097 1323 austro,
1122 1251 1161 1313 ot
1184 1247 1426 1314 accumbent

276 1358 313 1422 in
351 1376 473 1442 regno
514 1358 588 1424 doi.
632 1360 671 1422 ot
703 1376 796 1422 ecco
830 1360 925 1422 sunt
957 1356 1176 1422 nouissimi
1209 1354 1278 1437 qni
1311 1358 1426 1419 erant

274 1464 404 1546 primi,
434 1467 472 1529 et
500 1470 595 1529 sunt
622 1464 743 1548 primi
766 1464 835 1547 qui
860 1467 974 1528 erant
996 1462 1229 1528 nouissimi.
1269 1461 1317 1525 sio
1341 1461 1423 1525 enim

276 1571 413 1653 quodam
441 1570 536 1635 modo
564 1571 666 1634 minor
693 1570 822 1635 maioris
849 1570 1022 1653 primatum
1050 1568 1147 1633 irater
1169 1568 1307 1633 abstulit
1330 1572 1424 1651 atque
1439 1594 1461 1631 o

273 1677 306 1740 in
334 1696 368 1741 se
397 1677 561 1742 transtulit
587 1677 702 1743 fratris.
741 1696 813 1742 oum
842 1677 1029 1762 igiturtam
1052 1677 1281 1757 auratamque
1305 1674 1423 1758 signifi·

274 1786 386 1847 centur
408 1783 570 1857 ueraciter,
595 1782 671 1865 quid
694 1782 746 1847 hic
770 1782 865 1847 debat
887 1783 993 1868 putari
1014 1782 1136 1847 factum
1156 1780 1322 1845 dictumue
1340 1800 1422 1845 mon·

274 1889 414 1954 <tacitam
448 1908 521 1954 curn
549 1890 632 1954 enim
661 1908 742 1973 quaa
769 1890 1001 1974 significantur,
1029 1908 1090 1953 non
1118 1888 1229 1970 utique
1258 1907 1322 1953 non
1351 1890 1423 1951 sunt

273 1996 305 2059 in
328 1996 474 2073 ueritate,
498 1996 555 2061 sed
578 2000 654 2061 sunt
677 2015 733 2061 sou
756 1996 928 2079 praeterita
951 2015 1007 2061 sou
1031 1994 1210 2079 praesentia
1228 2012 1288 2058 sou
1306 1994 1421 2067 satana,

271 2103 384 2185 procul
408 2101 504 2166 dubio
527 2121 604 2167 uera
626 2102 817 2187 significatio
842 2106 892 2168 eat
915 2104 1101 2185 nullumque
1125 2100 1339 2167 mendacium.
1368 2100 1419 2164 sed
1437 2123 1457 2161 a

273 2210 368 2273 nimis
402 2209 532 2292 longum
566 2212 616 2273 est
643 2208 674 2273 in
702 2208 762 2274 hac
790 2208 1020 2293 significatione
1047 2208 1232 2292 prophetica
1258 2208 1420 2272 enucleata

273 2318 387 2380 cuncta
408 2315 525 2391 rimari,
548 2314 580 2379 in
605 2314 720 2397 quibus
743 2316 882 2398 palmam
905 2315 1023 2379 ueritas
1047 2314 1153 2393 habet,
1177 2314 1252 2398 quia
1270 2318 1310 2379 ut
1328 2315 1419 2399 signi-

272 2421 394 2486 ficando
418 2422 639 2505 praenuntiata
661 2425 746 2499 sunt,
770 2422 816 2486 ita
839 2421 1058 2505 consequendo
1083 2422 1274 2487 claruerunt.

317 2528 372 2593 Xl.
397 2530 451 2594 25.
475 2528 586 2610 Neque
613 2527 648 2592 id
673 2528 737 2593 isto
761 2547 905 2594 sermone
929 2530 1066 2613 suscepi,
1090 2528 1176 2611 qnod
1199 2528 1239 2592 ad
1262 2536 1296 2593 te
1321 2528 1418 2613 magis

272 2636 419 2719 pertinet,
444 2636 497 2718 qui
516 2634 831 2700 Priscillianistarum
853 2636 991 2701 latebras
1015 2635 1179 2720 aperuisti,
1203 2638 1358 2719 quantum
1382 2634 1417 2699 ad
1432 2652 1457 2691 ao

272 2759 381 2805 eorum
405 2740 527 2805 adtinet
544 2740 694 2824 dogmata
713 2742 794 2806 falsa
813 2746 907 2825 atque
926 2760 1084 2825 peruersa,
1104 2761 1143 2807 no
1161 2741 1207 2805 ita
1226 2742 1418 2826 inuestigatu

272 2847 449 2926 uideantur,
478 2848 569 2930 quasi
599 2847 739 2913 docenda
765 2849 883 2913 ineunt
910 2854 943 2912 ot
969 2866 1030 2913 non
1054 2848 1281 2933 redarguenda.
1319 2848 1416 2933 magis

273 2973 346 3038 ergo
371 2955 431 3033 iac,
451 2957 488 3018 ut
506 2958 685 3039 expugnata
701 2954 835 3030 iaceant,
855 2974 934 3038 quae
957 2954 1063 3020 fecisti
1083 2960 1119 3019 ut
1137 2954 1262 3040 prodita
1280 2958 1416 3037 pateant,

272 3080 320 3140 na,
345 3060 420 3126 dum
444 3061 595 3126 uolumus
619 3060 657 3124 ad
680 3060 860 3145 indaginem
880 3060 1042 3126 hominum
1064 3060 1225 3125 fallacium
1244 3061 1415 3142 peruenire,

270 3165 357 3248 ipsas
394 3164 551 3231 falsitates
589 3167 731 3231 sinamus
768 3171 930 3251 tamquam
963 3166 1193 3251 insuperabiles
1227 3181 1452 3251 permaneres

359 3393 377 3445 4
396 3390 459 3445 Luc.
483 3393 524 3455 13,
543 3392 650 3446 28—30

307 3516 390 3569 luos
403 3532 460 3584 pro
479 3514 545 3568 duos
567 3514 647 3568 ΟΙιΤ1
714 3513 822 3584 2quod
841 3514 941 3569 om.T
1011 3516 1090 3585 gesta
1107 3532 1158 3570 om.
1178 3515 1234 3570 ΓΙ,
1307 3516 1413 3587 dicto?

270 3603 396 3674 dictuque
416 3603 471 3672 βὺά
505 3604 654 3657 lde—ait
671 3604 703 3657 in
720 3603 819 3673 oap.0
854 3605 919 3658 5et
937 3620 988 3658 om.
1007 3604 1095 3673 TEup
1146 3620 1227 3674 ysaac
1251 3604 1278 3658 V
1294 3605 1414 3673 isahaofi

269 3692 435 3747 duos-dei
454 3708 542 3763 ooap
628 3692 795 3759 origenteO
867 3692 931 3747 8et
949 3691 1037 3760 οηι.β
1112 3694 1142 3747 11
1162 3696 1305 3763 tamquam
1317 3694 1416 3765 ΜΤ

271 3783 304 3835 13
322 3798 376 3835 non
390 3782 444 3851 fin.
464 3796 516 3835 om.
534 3780 582 3851 τῖ’
597 3767 742 3835 nanc'FL
847 3782 880 3835 14
898 3781 947 3837 sed
965 3784 1040 3852 sunt]
1061 3782 1161 3847 adsunt
1179 3786 1211 3851 (s.
1231 3783 1249 3849 d
1268 3784 1336 3838 add.
1355 3790 1376 3849 t)
1396 3803 1413 3854 φ

270 3872 303 3924 16
321 3870 497 3940 propheticae
514 3869 650 3925 Remea
668 3871 827 3941 prophetica
849 3870 1047 3941 Oprophetice
1067 3870 1095 3941 9¹
1116 3872 1259 3942 prophetia
1279 3872 1311 3944 φ’
1367 3890 1412 3926 nu·

269 3958 377 4012 cleatim
391 3958 420 4013 R
437 3958 562 4012 nucleato
576 3958 656 4012 MOlo
672 3959 798 4031 nucleate
817 3958 1020 4014 Oenuclaanda
1039 3958 1214 4022 Vnuscleate
1229 3960 1262 4032 φ’
1303 3964 1336 4016 17
1351 3978 1411 4015 cun·

270 4048 338 4101 utari
355 4046 444 4115 magis
468 4046 495 4100 V
545 4046 724 4117 significanda
742 4048 796 4102 FL
852 4050 884 4102 18
903 4048 1127 4117 pronuntiataV
1180 4048 1413 4119 consequendaV

270 4135 304 4188 19
322 4134 362 4204 id]
381 4135 452 4187 enim
471 4134 505 4189 ad
529 4134 555 4188 V
624 4135 697 4189 istud
720 4135 746 4188 V
817 4142 939 4191 sermono
963 4136 989 4189 V
1057 4137 1158 4208 suscipi
1175 4136 1244 4191 Tea
1298 4138 1333 4193 20
1351 4154 1411 4207 ope·

268 4223 347 4277 ruisti
369 4220 396 4275 T
456 4223 489 4276 21
510 4222 620 4277 domata
642 4222 739 4278 Toou
756 4224 895 4279 dommata
916 4224 951 4279 0¹
1014 4225 1049 4279 22
1067 4228 1099 4279 ut
1117 4226 1195 4295 quasi
1218 4225 1246 4279 V
1310 4218 1410 4281 ¹luerint

266 4330 289 4366 s.
310 4312 327 4365 l.
345 4310 383 4365 Μ
398 4310 481 4364 fuerit
502 4311 553 4364 Old
609 4314 644 4365 24
663 4312 799 4366 fallatiam
821 4313 862 4367 Cd
880 4330 931 4367 om.
950 4312 1005 4366 FL
