3109 4959
548 445 590 501 de
617 446 821 502 mendacio
1188 452 1253 516 449

101 642 213 725 ipsum
231 640 395 707 dominum
413 640 566 706 habuisse
583 642 719 720 loculos,
739 661 802 725 quo
823 661 859 705 ea
877 661 957 725 quae
977 643 1132 708 dabantur
1148 644 1255 710 mitte-

102 748 230 824 bantur,
258 753 295 813 ut
323 748 444 812 seruari
469 750 602 831 possent
630 747 668 811 ad
697 766 777 812 usus
800 767 856 831 pro
880 751 1022 833 tempore
1047 751 1253 829 necessarios,

102 858 136 919 et
162 854 252 938 ipsos
276 854 438 937 apostolos
460 873 648 937 procurasse
671 855 775 919 multa
796 855 930 919 fratrum
952 853 1168 940 indulgentiae
1192 876 1253 923 non

101 961 209 1026 solum
231 960 266 1025 in
290 960 473 1033 crastinum,
493 958 550 1025 sed
569 959 665 1024 etium
683 959 716 1023 in
734 960 887 1043 prolixius
907 964 1034 1044 tempus
1054 962 1253 1044 inpendentis

69 1068 207 1146 sturnis,
236 1066 322 1133 siout
343 1066 528 1131 indutibus
552 1067 769 1149 apostolorum
792 1067 945 1151 legimus:
970 1067 1048 1132 satis
1072 1067 1177 1133 elucet
1198 1068 1254 1133 illa

100 1177 271 1257 praecepta
298 1172 345 1239 sic
367 1171 591 1255 intellegenda,
615 1174 653 1237 ut
675 1173 754 1237 nihil
778 1172 881 1256 operis
905 1172 1007 1238 nostri
1029 1173 1253 1256 temporalium

100 1281 379 1364 adipiscendorum
403 1297 510 1345 amore
532 1278 587 1344 uel
604 1279 719 1345 timore
738 1281 892 1365 egestatis
910 1282 1074 1363 tamquam
1094 1300 1131 1346 ex
1148 1300 1254 1347 neees-

101 1388 199 1453 sitate
221 1388 386 1453 iaciamus.
1185 1462 1188 1469 Ι

145 1496 200 1559 30.
228 1496 310 1560 Item
338 1495 461 1559 dictum
492 1497 544 1557 est
575 1492 740 1575 apostolis,
773 1495 811 1557 ut
842 1491 922 1558 nihil
955 1512 1064 1559 secum
1089 1497 1253 1575 portantes

55 1631 81 1665 ιο
99 1600 132 1665 in
164 1602 220 1665 uia
251 1620 289 1666 ex
319 1598 485 1684 euangelio
519 1598 674 1663 uiuerent
716 1602 750 1663 et
782 1598 920 1682 quodam
951 1600 1022 1665 loeo
1056 1600 1152 1665 etiam
1184 1599 1253 1684 ipse

104 1707 254 1773 dominns
281 1706 485 1791 significauit,
518 1725 575 1771 our
600 1706 661 1771 boc
689 1704 812 1783 dixerit,
841 1723 915 1770 cum
938 1705 1075 1770 addidit:
1105 1706 1253 1791 dignus

102 1818 167 1878 est
201 1814 304 1879 enim
338 1812 551 1896 operarius
584 1810 768 1876 mercede
802 1830 882 1878 sua.
924 1811 980 1876 ubi
1008 1812 1086 1877 satis
1115 1813 1255 1878 ostendit

103 1920 297 2004 permissum
329 1920 390 1985 hoc
418 1938 499 1997 esse,
527 1938 588 1983 non
616 1918 751 1994 iussum,
779 1936 818 1982 ne
846 1918 927 1983 forte
956 1917 1011 2001 qui
1038 1918 1098 1983 hoc
1125 1918 1253 1999 iaceret,

102 2031 141 2093 nt
166 2028 200 2092 in
230 2046 322 2111 opere
349 2025 595 2110 praedicationis
622 2024 713 2089 uerbi
736 2023 858 2106 aliquid
882 2023 920 2088 ab
944 2024 1001 2099 eis,
1027 2024 1143 2107 quibus
1166 2044 1254 2108 pree-

52 2162 80 2199 15
100 2136 232 2211 dicaret,
268 2134 300 2197 in
332 2152 412 2198 usus
443 2133 530 2198 uitae
563 2132 659 2197 buius
692 2133 843 2206 sumeret,
876 2130 1032 2196 inlicitum
1067 2130 1187 2213 aliquid
1219 2150 1252 2195 se

100 2240 206 2305 lacere
233 2240 446 2304 arbitraretur.
484 2257 579 2321 posse
603 2242 707 2303 tamen
732 2237 926 2303 laudabilius
950 2256 1012 2301 non
1033 2236 1101 2301 fieri
1124 2236 1157 2301 in
1181 2254 1253 2320 apo-

103 2348 188 2412 stolo
211 2347 312 2412 Panlo
342 2346 421 2410 satis
449 2344 701 2411 demonstratum
725 2348 783 2409 est.
823 2344 974 2427 quicum
998 2344 1130 2409 diceret:
1156 2363 1253 2409 eom·

101 2452 283 2518 municet
306 2455 439 2517 autem
464 2452 531 2535 qui
557 2450 846 2516 catechizatur
868 2451 1035 2516 uerbum
1059 2450 1103 2529 ei,
1124 2451 1192 2533 qui
1211 2470 1252 2515 ee

101 2560 341 2625 catechizat
367 2558 406 2622 in
435 2557 622 2624 omnibus
650 2557 780 2637 bonis,
810 2562 843 2623 et
869 2557 981 2623 multis
1008 2557 1089 2622 loeis
1113 2556 1146 2621 id
1170 2556 1252 2622 selu-

51 2696 77 2734 eo
101 2666 200 2731 briter
235 2666 303 2731 lieri
340 2666 379 2729 ab
413 2666 468 2742 eis,
502 2664 618 2747 quibus
650 2664 786 2729 uerbum
818 2664 1027 2747 praedicetur,
1062 2664 1251 2742 ostenderet,

102 2774 173 2838 sed
201 2775 334 2837 tamen
359 2791 441 2857 ego,
465 2772 579 2854 inquit,
603 2791 677 2836 non
702 2790 787 2836 sum
811 2790 909 2837 usus
933 2771 1005 2835 hae
1028 2772 1250 2854 potestate.

98 2882 294 2963 potestatem
318 2897 393 2963 ergo
417 2879 505 2943 dedit
529 2878 687 2955 dominns,
712 2897 785 2943 cum
803 2878 867 2941 ista
887 2876 1015 2950 diceret,
1039 2896 1100 2941 non
1119 2876 1252 2959 imperio

100 2984 297 3051 constrinxit.
319 2984 366 3048 ite
388 2985 537 3067 pleraque
560 2984 592 3048 in
616 2983 724 3049 uerbis
751 2984 936 3066 intellegere
964 3002 1025 3047 non
1053 2982 1197 3046 ualentes
1220 2982 1252 3047 in

97 3092 193 3157 iactis
209 3095 391 3157 sanctornm
406 3090 589 3175 colligimus
604 3088 872 3173 quemadmodum
887 3092 1032 3173 oporteat
1046 3088 1155 3172 accipi,
1169 3088 1253 3171 quod

49 3230 76 3269 es
96 3200 193 3264 facile
216 3200 249 3263 iu
273 3198 368 3264 aliam
390 3201 513 3280 partem
537 3198 715 3276 duceretur,
738 3195 802 3262 nisi
825 3196 967 3277 exemplo
990 3198 1202 3261 reuocaretur.

189 3423 434 3492 lef.10h.12,e
520 3422 670 3477 dcidct
691 3424 732 3487 il,
753 3421 860 3475 28-30
951 3420 1020 3475 9el'.
1039 3421 1104 3476 Luc.
1126 3420 1168 3486 10,
1187 3421 1249 3477 a?

99 3514 251 3569 liliatth.
273 3513 314 3577 10,
336 3514 370 3567 10
425 3512 458 3565 17
478 3510 537 3566 Gal.
556 3512 618 3575 6,6
673 3508 864 3577 armore,
885 3510 918 3563 12

138 3637 310 3693 ldabantnr
327 3638 360 3702 ut
378 3635 481 3689 seruari
499 3634 570 3705 (exp.
589 3652 623 3689 m.
644 3634 711 3705 2)p
821 3638 848 3687 et
865 3632 1047 3687 mittebantur
1065 3632 1095 3686 F
1181 3633 1248 3685 tut

96 3747 150 3785 om.
169 3727 202 3781 F
269 3725 421 3781 necessario
440 3725 468 3780 R
540 3726 750 3793 9portarentq
824 3723 857 3776 10
877 3722 1075 3792 euuangelioq
1148 3720 1181 3774 11
1204 3736 1251 3773 our

98 3820 153 3872 boc
171 3816 270 3870 dixerit
286 3832 322 3869 m.
343 3816 412 3868 Μ
429 3830 479 3883 mp.
499 3812 530 3866 F
617 3814 650 3867 13
670 3810 769 3881 qui-S
858 3812 891 3865 15
909 3810 990 3863 buius
1010 3810 1083 3863 uitae
1102 3824 1167 3862 nsns
1186 3808 1248 3875 ssu

94 3925 177 3978 neuq
250 3902 389 3973 aliquodq
454 3904 486 3957 18
502 3902 548 3971 qui
567 3906 646 3969 orat
710 3901 874 3954 eatecizatur
888 3898 964 3954 ΒΗ
983 3896 1248 3967 cathezizatuquq

94 3995 262 4051 ceteaizatur
285 3993 311 4046 V
326 3991 509 4046 cathecizatur
525 3990 555 4046 R
610 3989 692 4044 uerbo
712 3988 910 4059 SEFquqbd
964 3986 1070 4041 seuoS
1124 3987 1157 4039 19
1177 3988 1249 4039 eate-

95 4086 169 4139 cizat
185 4082 246 4138 MS
264 4081 414 4137 cathezizat
433 4100 450 4151 φ
470 4080 602 4134 catecizat
620 4083 632 4146 β
651 4077 837 4149 catheciaetq
891 4078 926 4131 20
945 4076 1116 4145 praediceret
1133 4074 1251 4145 Emere

94 4175 127 4228 21
148 4172 242 4241 inquit
260 4188 345 4241 egoq
432 4172 495 4235 θοβ
579 4165 676 4236 inquid
694 4166 729 4219 M
814 4182 878 4219 usus
898 4168 988 4232 sumi
1079 4179 1137 4216 sum
1157 4162 1251 4217 omS

95 4280 127 4317 ac
145 4260 211 4316 MR
280 4262 447 4328 potestatem
466 4256 496 4327 φῖ
551 4258 586 4311 23
606 4255 748 4309 constrixit
765 4274 781 4325 γ
801 4254 977 4309 constitnerit
994 4254 1021 4308 R
1088 4252 1182 4321 itaque
1201 4250 1253 4305 SF

95 4353 132 4406 24
150 4346 385 4421 quemammodum
403 4345 458 4417 Μφ
514 4346 548 4399 25
568 4345 706 4398 diceretur
724 4344 754 4397 F
826 4343 975 4413 exemplum
993 4340 1021 4396 R

122 4476 217 4518 xxxxr
233 4476 293 4524 sug.
308 4473 369 4517 eece.
384 4474 402 4513 v
417 4483 470 4523 pm
483 4473 529 4513 111.
1177 4444 1212 4499 29
