3109 4959
297 433 362 496 478
665 431 692 483 S.
722 431 858 484 Aureli
887 430 1102 501 Augustini

296 630 390 709 putat
413 646 484 692 csse
506 627 699 704 mentiendo,
724 644 786 710 qua
808 627 936 691 tandem
960 626 1062 691 fronte
1086 626 1287 709 culpabimus
1312 629 1345 689 et
1364 626 1444 689 darn-

296 753 370 797 nare
395 733 594 812 audebimus,
619 734 704 817 quod
730 734 903 800 docemus?

343 842 373 905 6.
398 841 551 905 Remanet
572 840 681 925 igitur,
706 844 752 918 ut,
777 840 862 922 quod
887 842 1030 905 sentiunt
1052 840 1315 905 Priscillianistae
1338 853 1444 903 necun-

298 946 374 1011 dum
402 947 543 1012 haeresis
572 965 648 1012 suae
675 947 829 1012 nefariam
852 947 1026 1011 falsitatem
1050 946 1089 1010 de
1113 946 1182 1025 deo,
1208 946 1246 1009 de
1270 947 1386 1011 anima.
1410 946 1444 1008 de

296 1072 437 1136 corpore,
462 1052 500 1117 dc
524 1054 637 1118 ceteris
664 1053 771 1131 rebus,
799 1072 860 1119 non
885 1053 1068 1118 dubitemus
1092 1053 1197 1118 ueraci
1221 1052 1339 1135 pietate
1363 1051 1444 1116 dam·
1470 1076 1478 1110 a

295 1182 382 1237 nare;
410 1161 494 1243 quod
522 1163 627 1224 autern
657 1160 809 1240 sentiunt,
838 1164 876 1224 ut
902 1159 1021 1225 ueritas
1049 1162 1237 1235 occultetur,
1265 1176 1337 1223 esse
1364 1177 1445 1222 meu-

295 1269 450 1347 tioudum,
474 1268 517 1333 sit
539 1267 630 1332 nobis
654 1270 688 1331 et
709 1267 776 1332 illis
795 1304 839 1314 --
858 1267 942 1349 quod
966 1268 1051 1331 absit
1069 1304 1112 1313 —-
1132 1268 1248 1350 dogma
1272 1284 1444 1331 commune.

296 1377 357 1441 hoo
384 1380 451 1441 tam
478 1392 629 1459 magnum
657 1374 777 1438 matum
807 1378 866 1451 est,
891 1378 928 1438 ut
950 1374 1074 1439 etiamsi
1098 1380 1230 1438 conatus
1254 1373 1307 1437 hic
1331 1380 1444 1438 noster.

295 1502 359 1565 quo
388 1500 442 1547 eos
470 1501 527 1564 per
549 1480 749 1545 mendacium
775 1500 885 1562 capere
910 1480 1056 1565 cupimus
1084 1484 1116 1545 et
1142 1486 1277 1545 mutare.
1305 1480 1353 1543 ita
1379 1498 1443 1562 pro-

295 1593 451 1671 speretur,
478 1591 515 1651 ut
543 1606 597 1652 eos
626 1588 788 1669 capiamus
818 1591 913 1671 atque
936 1590 1108 1669 mutemus,
1131 1587 1228 1652 nullis
1251 1586 1352 1651 lucris
1376 1604 1443 1650 con·
1461 1612 1478 1645 a·

294 1698 468 1779 pensentur
493 1695 573 1759 haec
602 1694 725 1772 damna,
755 1694 872 1777 quibus
902 1695 935 1759 et
961 1713 1017 1759 nos
1047 1713 1120 1759 cum
1148 1694 1228 1777 ipsis
1255 1712 1313 1775 pro
1340 1710 1441 1757 eorum

294 1802 486 1867 correctione
515 1802 733 1884 deprauamur.
771 1820 828 1883 per
855 1802 915 1867 hoo
942 1820 1078 1883 namque
1105 1800 1306 1865 mendacium
1337 1804 1369 1865 ot
1390 1818 1441 1864 nos

294 1909 414 1974 erimus
434 1928 469 1973 cx
488 1928 526 1973 ea
543 1913 632 1991 parte
651 1910 792 1991 peruersi
814 1913 845 1973 et
863 1908 925 1990 ipsi
946 1908 1170 1983 semicorrecti,
1190 1906 1440 1989 quandoquidem

294 2016 389 2086 istuc,
420 2016 505 2099 quod
532 2018 648 2099 putant
675 2034 745 2080 esse
768 2034 825 2098 pro
848 2016 983 2080 ueritate
1007 2014 1232 2091 mentiendum,
1257 2032 1321 2079 non
1344 2014 1376 2077 in
1400 2014 1440 2079 eis

293 2123 494 2207 corrigimus,
518 2123 593 2205 quia
614 2122 698 2187 idem
722 2142 779 2187 nos
804 2122 973 2187 didicimus
997 2126 1029 2187 et
1048 2122 1199 2187 docemus
1219 2126 1252 2186 et
1271 2122 1340 2186 fieri
1359 2138 1474 2204 opor-1³

294 2236 362 2295 tere
389 2230 611 2313 praecipimus,
641 2233 678 2293 ut
705 2230 744 2294 ad
771 2248 826 2294 eos
851 2230 1061 2294 emendandos
1083 2229 1248 2311 peruenire
1272 2230 1439 2311 possimus.

294 2355 375 2419 quos
412 2341 518 2401 tamen
551 2354 611 2400 non
644 2334 860 2411 emendamus,
894 2337 1010 2418 quibus
1042 2336 1203 2411 mendum,
1238 2355 1301 2418 quo
1335 2354 1437 2399 uerum

293 2441 465 2527 tegendum
490 2442 681 2520 existimant,
705 2460 765 2506 non
791 2441 976 2518 auferimus,
1000 2442 1056 2506 sed
1078 2461 1136 2506 nos
1155 2442 1264 2525 potius
1288 2441 1438 2506 inmcnda·

293 2569 374 2618 mur.
409 2568 481 2613 cum
513 2569 569 2632 per
600 2548 664 2611 tale
696 2548 847 2612 mendum
875 2567 929 2613 eos
958 2550 1139 2632 quaerimus
1167 2567 1224 2613 neo
1252 2548 1436 2614 inuenimus¹

292 2655 559 2737 quemadmodum
584 2655 629 2718 eis
654 2655 817 2719 conuersis
842 2655 968 2719 credero
990 2654 1165 2729 ualeamus
1186 2655 1304 2737 quibus
1322 2674 1434 2737 peruer-
1451 2675 1469 2707 ‚-

292 2762 338 2825 sis
367 2762 494 2826 mentiti
522 2778 645 2840 snmus,
675 2780 712 2825 ne
740 2761 832 2839 forte,
867 2760 950 2845 quod
978 2765 1015 2826 ut
1038 2765 1225 2844 caperentur
1248 2766 1326 2826 sunt
1348 2761 1436 2845 passi.

292 2868 410 2932 faciant
438 2870 533 2950 capti,
561 2888 621 2933 non
650 2869 756 2933 solum
785 2868 860 2951 quia
881 2868 984 2933 facere
1008 2872 1209 2945 consuerunt,
1235 2868 1292 2933 sed
1317 2869 1390 2951 quia
1410 2872 1435 2929 et

293 2974 326 3037 in
349 2974 451 3051 nobis,
476 2974 514 3039 ad
534 2994 613 3057 qnos
637 2975 780 3052 ueniunt,
804 2976 864 3039 hoc
887 2975 1062 3040 inueniunt.

332 3270 551 3324 lmentiendum
575 3270 601 3323 V
653 3287 705 3339 quo
725 3271 758 3325 T¹
815 3271 904 3326 fronte
923 3272 1032 3325 tandem
1052 3272 1079 3325 V
1121 3272 1436 3343 3priscilianistae1ddi

292 3358 433 3413 dnefaric
456 3360 482 3412 V
552 3362 642 3413 animo
656 3360 710 3414 ΡΙ,
764 3362 829 3415 5et
849 3362 881 3415 de
901 3362 998 3415 ceteris
1014 3361 1050 3415 bd
1103 3362 1170 3415 6ut
1189 3366 1221 3429 (s.
1242 3362 1259 3419 1.
1280 3379 1316 3415 nr.
1337 3362 1435 3428 Md?

294 3450 398 3517 Stam]
418 3452 509 3502 tamen
528 3448 583 3502 ΓΙ,
654 3449 699 3503 hic
717 3453 811 3503 noster
831 3448 980 3515 conatast
1052 3453 1144 3503 noster
1163 3450 1208 3504 hic
1231 3450 1257 3503 V
1349 3454 1436 3521 91110-

295 3540 419 3605 speratur
436 3535 492 3590 ΡΙ,
601 3538 634 3591 10
651 3541 787 3591 mutemus
805 3554 839 3593 m.
861 3542 949 3605 2pro
968 3554 1059 3591 sumus
1079 3537 1095 3606 β
1201 3541 1231 3592 11
1253 3540 1335 3610 ipsis]
1354 3540 1437 3604 iliis}

292 3626 401 3679 illorum
421 3625 458 3679 bd
513 3627 546 3679 12
565 3628 731 3680 correctione
753 3626 795 3680 Cic
813 3627 998 3695 correptione»
1016 3626 1041 3679 T
1057 3628 1226 3696 correptione
1240 3648 1255 3699 γ
1313 3629 1436 3699 depraua-

293 3732 354 3767 mus
372 3734 406 3785 ῑφ
479 3732 586 3785 nanque
605 3715 663 3769 LV
752 3718 786 3771 13
804 3716 845 3769 illi
866 3714 921 3782 flod
997 3716 1166 3769 semicorecti
1188 3715 1222 3771 2¹¹
1320 3720 1353 3772 14
1369 3716 1434 3772 istud

294 3801 539 3873 onn'LTVoeeoc
609 3820 657 3873 pro
675 3804 792 3857 ueritate
811 3820 896 3874 erup
969 3804 1142 3857 ueritatesT
1209 3806 1242 3860 15
1262 3805 1432 3871 dididimnsc

294 3892 408 3945 dicimus
432 3890 506 3961 Vsspb
599 3893 630 3944 17
649 3892 787 3962 mendum]
811 3893 996 3947 mentiendum
1014 3892 1147 3963 arone-s
1170 3892 1342 3948 mendacium
1359 3892 1437 3949 Far·

294 3995 358 4032 uero
381 3980 449 4035 Ten
504 3981 537 4034 18
556 3980 740 4035 existimamus
757 3980 813 4034 FL
832 3983 969 4036 existimat
987 3982 1025 4036 M
1102 3980 1303 4051 immendamur]
1321 3984 1431 4037 inemen·

295 4068 389 4121 damur
406 4068 461 4121 FL
480 4068 682 4123 emmendamur
699 4069 727 4122 P
744 4069 916 4125 emendemus
940 4069 966 4121 V
1030 4071 1062 4124 19
1081 4070 1154 4139 cnm]
1175 4069 1238 4123 dum
1264 4070 1290 4123 V
1356 4070 1429 4125 talem

298 4155 366 4209 Tea
437 4156 617 4211 mendendum
635 4158 664 4213 R
682 4158 852 4213 mendacium
870 4158 987 4228 Furor
1060 4176 1106 4213 eos
1124 4176 1145 4213 a.
1166 4160 1183 4216 1.
1203 4158 1231 4215 R
1294 4160 1328 4215 20
1346 4172 1427 4228 quem·

295 4244 490 4315 ammodnmp
581 4248 616 4301 22
639 4246 739 4301 fatiant
764 4248 806 4303 Cic
925 4265 976 4319 qup
1001 4253 1026 4315 (e
1050 4264 1083 4303 ex
1105 4250 1125 4317 i)
1152 4249 1178 4302 T
1295 4262 1422 4303 consueue-

292 4336 357 4385 rant
376 4332 413 4385 od
