3109 4959
272 433 336 498 562
626 430 652 484 S.
681 430 820 484 Aureli
847 431 1064 500 Augustini
1098 386 1102 392 Α

272 625 304 686 et
335 622 366 685 in
400 639 475 686 suos
509 621 598 686 sinus
627 624 810 686 conuertere
843 621 882 685 ab
912 621 1045 685 infirmis
1069 624 1102 686 et
1123 622 1219 705 inpiis
1244 627 1422 705 putaretur.

271 747 350 810 quae
381 728 558 810 accipiebat
589 728 627 792 ad
652 729 845 812 supplendas
869 729 1076 793 necessitates
1100 733 1284 795 sanctorum
1309 749 1365 813 per
1387 751 1422 794 se

271 833 438 900 adserenda
460 835 513 898 uei
537 833 756 899 distribuenda
777 833 1005 917 indigentibus.

317 941 368 1005 18.
402 941 443 1005 Et
474 941 569 1023 paulo
602 943 677 1023 post
709 940 801 1005 dicit:
834 959 916 1004 nam
940 940 983 1004 de
1006 940 1225 1006 ministerio
1250 941 1352 1024 qued
1374 941 1430 1028 fit,

271 1047 306 1111 in
331 1051 486 1112 sanctos
512 1066 551 1111 ex
581 1047 788 1111 abundanti
812 1049 871 1111 est
888 1047 980 1110 mihi
1005 1047 1171 1112 scribere
1195 1048 1315 1113 uobis.
1341 1049 1422 1112 scio
1454 1073 1466 1112 s

271 1153 370 1217 enim
394 1155 607 1236 promptum
632 1170 715 1216 esse
735 1152 898 1216 animum
917 1154 1097 1229 uestrum,
1122 1152 1165 1216 de
1185 1172 1256 1235 quo
1276 1154 1424 1236 glorior

269 1280 334 1343 pro
367 1259 477 1324 rrobis
511 1257 607 1341 apud
642 1257 879 1335 Macedonas,
914 1258 1089 1339 quoniam
1112 1258 1254 1322 Achaia
1288 1263 1424 1341 parata

270 1371 328 1431 est
361 1366 404 1430 ab
437 1384 528 1430 anno
562 1365 698 1448 priore,
733 1367 770 1428 et
802 1383 896 1445 quac
928 1383 968 1429 ex
991 1364 1100 1430 uobis
1125 1368 1184 1428 est
1208 1364 1423 1430 aemulatio

269 1472 448 1537 inritauit
484 1474 624 1554 plures.
660 1471 834 1536 misimus
873 1473 995 1535 autem
1032 1471 1182 1548 fratres,
1219 1491 1261 1535 ne
1296 1471 1424 1555 gloria

269 1583 399 1644 nostra
417 1598 527 1660 quam
547 1578 727 1643 habemus
747 1578 783 1641 in
803 1578 912 1643 uobis
932 1582 1142 1642 euacuetur
1158 1579 1196 1641 in
1214 1579 1281 1642 bac
1298 1583 1423 1659 parte,
1443 1605 1465 1644 ιο

268 1687 319 1764 ut,
345 1686 449 1751 sieut
481 1685 569 1760 dixi,
603 1686 726 1768 parati
758 1684 858 1762 sitis,
890 1703 933 1748 ne
957 1703 1040 1748 cum
1069 1683 1244 1748 uenerint
1272 1703 1423 1750 mecum

269 1791 493 1855 Macedones
519 1794 555 1855 et
576 1790 791 1855 inuenerint
813 1810 880 1855 uos
911 1790 1116 1873 inparatos,
1145 1790 1425 1854 confundamur

268 1917 345 1976 nos,
371 1902 499 1962 utnon
520 1897 639 1962 dicam
660 1916 740 1972 uos,
761 1897 797 1960 in
816 1897 884 1962 bac
904 1879 1133 1961 substantia.
1159 1897 1424 1960 necessarium

269 2022 356 2087 ergo
381 2003 601 2069 existimaui
625 2023 758 2088 rogare
782 2004 933 2081 fratres,
956 2007 999 2066 ut
1021 2003 1251 2084 praecedant
1279 2001 1324 2065 ad
1349 2021 1423 2066 uos

269 2114 305 2176 et
340 2114 569 2193 praeparent
600 2111 673 2174 iam
706 2109 850 2192 pridem
881 2110 1150 2193 repromissam
1183 2109 1274 2172 hanc
1308 2108 1464 2175 banea

269 2215 471 2281 dictionem
495 2219 676 2292 uestram,
700 2221 744 2278 ut
768 2217 821 2280 sit
842 2220 985 2298 parata,
1005 2215 1060 2279 sic
1079 2215 1190 2297 quasi
1208 2213 1423 2279 benedicti-

268 2342 383 2394 onem,
399 2342 468 2387 non
488 2322 597 2405 quasi
617 2323 830 2386 auaritiam.
850 2323 919 2386 hoc
939 2326 1078 2385 autem:
1100 2321 1162 2402 qui
1181 2339 1290 2402 parce
1308 2322 1422 2385 semi-

268 2433 341 2509 nat,
365 2447 476 2513 parce
501 2433 538 2494 et
555 2433 630 2494 met
659 2433 682 2496 t.
708 2434 745 2493 et
763 2429 825 2512 qui
845 2429 1007 2494 seminat
1025 2428 1060 2492 in
1080 2427 1362 2504 benedictione
1382 2428 1421 2492 in

266 2536 529 2601 benedictione
564 2538 601 2600 et
636 2539 760 2599 metet.
790 2535 1053 2617 unusquisque
1083 2533 1285 2598 secundum
1313 2535 1421 2616 quod

267 2644 466 2726 proposuit
494 2643 614 2721 corde,
643 2661 712 2707 non
742 2661 782 2706 ex
810 2642 976 2705 tristitia
1004 2645 1067 2704 aut
1100 2659 1140 2704 ex
1164 2640 1465 2710 necessitatene

267 2749 424 2812 hilarem
450 2749 545 2812 enim
570 2747 740 2812 datorem
766 2746 900 2829 diligit
922 2746 1023 2810 deus.
1048 2750 1182 2827 potens
1207 2749 1265 2809 est
1289 2757 1420 2812 autem

266 2856 358 2919 deus
385 2873 526 2920 omnem
552 2855 709 2938 gratiam
736 2853 988 2918 abundantem
1011 2853 1135 2917 facere
1159 2853 1196 2917 in
1220 2853 1343 2932 uobis,
1378 2860 1421 2919 ut

266 2962 304 3024 in
341 2962 509 3026 omnibus
548 2980 694 3043 semper
731 2978 873 3025 ornnem
916 2959 1193 3024 sufficientiam
1231 2960 1419 3026 babentes

266 3067 469 3132 abundetis
493 3068 528 3131 in
554 3085 658 3132 omne
684 3085 776 3148 opus
796 3067 931 3131 bonum
951 3102 994 3111 -
1014 3067 1117 3130 sicut
1135 3066 1323 3148 scriptum
1343 3073 1419 3134 est:

265 3174 460 3257 dispersit,
499 3174 603 3238 dedit
640 3173 882 3256 pauperibus,
921 3173 1074 3237 iustitia
1108 3172 1188 3238 eius
1222 3177 1350 3238 manet
1382 3175 1462 3242 inas

353 3416 416 3470 411
436 3417 495 3472 Cor.
516 3418 540 3479 9,
562 3418 648 3469 1-15
698 3417 729 3470 17
750 3415 809 3470 Gal.
829 3417 889 3475 6,7
938 3417 969 3468 21
990 3415 1070 3470 Pron.
1086 3415 1162 3475 22.8
1206 3414 1415 3475 seponas

302 3543 314 3593 1
335 3542 409 3594 sinus
429 3557 491 3594 suos
511 3539 578 3593 de
596 3556 658 3592 sues
677 3555 742 3592 usus
760 3538 829 3592 ΝΗ
929 3539 967 3607 et]
987 3539 1033 3590 uel
1051 3537 1122 3607 PVp
1221 3537 1256 3591 ab
1276 3539 1371 3608 impiis
1389 3544 1414 3592 A

265 3633 425 3698 putarentur
443 3629 577 3697 PVDMr
632 3629 714 3696 2qui
733 3627 766 3680 N
822 3627 994 3698 accipiebant
1011 3627 1145 3698 PVDMT
1207 3643 1236 3680 sc
1255 3627 1416 3697 adserenda]

265 3735 296 3770 ea
314 3717 426 3771 ferenda
445 3735 460 3783 γ
549 3716 754 3770 dhabundanti
773 3717 801 3768 B
890 3716 997 3770 danim
1016 3731 1068 3771 om.
1091 3715 1196 3768 CFAB
1278 3720 1413 3786 cosmum]

264 3810 385 3860 nostrum
405 3807 430 3859 L
522 3805 736 3858 inraehedonas
755 3803 813 3857 PV
902 3809 930 3857 et
949 3804 1044 3858 achaia
1065 3808 1143 3869 (ets.
1164 3803 1243 3872 z.)1)
1334 3823 1413 3876 prae·

263 3899 359 3965 parata
377 3895 476 3964 PVDs
531 3896 547 3948 9
566 3895 686 3948 irritauit
705 3895 729 3959 (i
748 3895 908 3962 prouocauit
925 3909 945 3946 e.
967 3893 996 3957 l.)
1012 3892 1042 3946 D
1114 3893 1245 3962 plurimos
1262 3895 1297 3946 in
1314 3911 1372 3948 ras.
1386 3897 1412 3948 A

265 3983 351 4052 gioria
369 3989 461 4037 uestra
479 3983 506 4036 B
563 3986 595 4038 15
614 3983 773 4053 promissam
792 3982 926 4050 PVDMp
944 3982 1108 4051 repromisso
1126 3981 1154 4034 B
1209 3983 1417 4038 benedictini!

267 4075 297 4126 17
319 4073 435 4126 auaritia
453 4073 488 4125 M
559 4073 662 4142 autern]
683 4076 774 4126 autem
794 4071 854 4124 dico
873 4069 1133 4141 PVBDAwmpc
1207 4072 1264 4141 qui]
1285 4073 1412 4141 quoniam

264 4160 310 4230 qui
329 4161 405 4230 ΡΜγ
424 4163 487 4230 quia
506 4163 550 4231 qui
570 4162 599 4216 D
660 4161 693 4214 18
713 4164 741 4215 et
760 4162 930 4231 qui-metet
948 4177 998 4214 cm.
1023 4160 1115 4214 VDM
1201 4161 1230 4214 in
1244 4161 1314 4231 fisa]
1334 4161 1368 4214 dc
1385 4167 1412 4214 Δ

264 4251 298 4304 20
317 4250 345 4303 in
365 4249 443 4304 corde
462 4250 497 4302 M
560 4251 592 4305 21
614 4254 712 4319 potens
732 4251 785 4320 est]
805 4249 942 4319 potestP
1022 4253 1133 4305 estem.
1153 4249 1191 4304 Μ
1252 4251 1287 4302 ’22
1307 4249 1411 4304 babon-

264 4339 372 4393 dantem
392 4339 449 4392 LV
501 4341 535 4392 24
553 4339 717 4394 habundetis
740 4339 801 4393 VM
