3109 4959
426 461 468 515 de
496 461 745 516 adulterinis
775 462 979 532 coniugiis
1208 465 1273 529 393

125 659 253 724 cordis
285 659 413 724 illorum
439 659 571 742 Moysen
604 658 787 740 permisisse
820 659 887 723 dari
917 658 1062 724 libellum
1089 657 1215 741 repudii
1242 662 1277 722 et

125 783 328 848 quacumque
356 785 452 832 causa
480 766 639 831 dimittere
663 766 852 850 coniugem?
889 785 991 830 nonne
1013 767 1064 830 lex
1088 765 1207 831 Christi
1229 766 1276 830 in-

124 871 361 938 continentibus
394 872 553 956 displicet,
586 873 640 955 qui
669 891 782 938 uxores
809 871 980 956 litigiosae,
1007 871 1188 950 iniuriosae,
1216 873 1276 935 im·

122 979 278 1061 perioses,
301 979 483 1045 fastidiosas
507 981 539 1044 et
562 979 602 1044 ad
623 978 819 1044 reddendum
843 978 986 1043 debitum
1010 978 1176 1063 coniugale
1195 977 1275 1042 diffi-

92 1083 263 1148 scillimes
291 1084 423 1167 repudio
450 1069 637 1169 interposito
662 1084 785 1150 abicere
808 1085 922 1149 uolunt
945 1086 978 1148 et
1002 1083 1115 1149 alteras
1139 1083 1275 1148 ducere?

122 1190 187 1254 inm
222 1209 297 1274 orgo
329 1190 404 1272 qnia
435 1190 569 1256 istorum
602 1190 831 1256 incontinentia
862 1191 966 1275 legem
995 1189 1114 1255 Christi
1141 1189 1275 1268 horruit,

123 1296 164 1361 ad
189 1314 299 1361 eorum
321 1294 371 1361 len
395 1295 512 1362 Christi
537 1297 702 1362 arbitrium
726 1296 951 1362 commutanda
973 1300 1043 1361 ost?

173 1405 224 1468 10.
248 1403 316 1467 Iam
343 1422 419 1468 uero
448 1403 475 1468 si
503 1404 654 1468 maritum
681 1403 841 1486 relinquat
864 1422 945 1468 uxor
966 1403 1019 1468 uei
1043 1404 1176 1468 maritus
1200 1423 1275 1468 uxo-

122 1528 192 1586 rem
224 1525 285 1574 non
318 1527 414 1575 causa
444 1509 673 1588 fornicatiouis,
707 1510 764 1574 sed
791 1510 899 1593 potius
928 1510 1140 1575 continentiae
1168 1511 1275 1592 sitque

78 1639 105 1680 ao
122 1615 334 1694 incontinens,
368 1617 419 1681 oni
451 1617 620 1700 repudium
647 1619 776 1700 propter
801 1617 863 1683 hoc
891 1610 995 1697 datur,
1022 1636 1138 1700 quaero
1166 1621 1279 1682 utrum

122 1742 187 1788 nou
221 1721 281 1786 erit
311 1722 436 1788 adulter
468 1724 521 1789 nel
553 1723 706 1802 adultera,
740 1723 768 1788 si
800 1724 892 1788 alteri
924 1723 1101 1806 copuletur.
1147 1724 1175 1789 si
1202 1725 1274 1788 ‘non

123 1829 196 1895 erit'
219 1825 278 1916 [ut]
302 1829 428 1907 dicitnr,
453 1829 580 1896 domino
605 1830 840 1907 contradicitur,
860 1830 952 1895 cuius
971 1830 1049 1895 haec
1070 1830 1169 1895 uerba
1185 1834 1276 1895 sunt:

123 1937 278 2002 dictum
311 1940 375 2001 est
407 1940 557 2002 autem:
595 1938 839 2020 quicumque
872 1936 1081 2002 dimiserit
1113 1955 1277 2001 uxorem

123 2063 247 2120 suam,
281 2041 350 2108 det
374 2043 442 2108 illi
470 2043 663 2109 libellum
690 2044 864 2125 repudii.
907 2061 979 2128 ego
1008 2047 1139 2108 autem
1172 2042 1274 2121 dico,

78 2151 222 2232 requie
259 2150 387 2214 omnis
425 2149 492 2233 qui
526 2149 735 2220 dimiserit
767 2169 928 2215 uxorem
962 2168 1072 2215 suam
1106 2153 1276 2232 excepta

123 2275 250 2320 causa
285 2255 590 2333 fornicationis,
627 2257 730 2321 iacit
764 2275 845 2321 eam
877 2256 1099 2331 moecham
1134 2259 1174 2321 ot
1206 2256 1274 2338 qui

124 2361 336 2428 dimissam
370 2363 541 2440 duxerit,
575 2363 795 2428 adulteret.
842 2363 1081 2428 eccardimissa
1116 2365 1273 2440 estnon

122 2468 249 2532 dimisit
280 2475 312 2534 et
344 2469 418 2553 qnia
449 2469 608 2536 continere
640 2489 814 2552 paucorum
848 2473 907 2548 est,
934 2467 1179 2534 incontinentiae
1208 2488 1275 2534 ces-

123 2577 168 2640 sit
202 2579 234 2641 st
264 2576 388 2660 nupsit;
422 2580 454 2642 et
481 2583 586 2642 tamen
616 2577 740 2643 adulter
767 2577 943 2642 adulteram
971 2576 1069 2642 duxit.
1098 2577 1190 2642 ambo
1218 2577 1274 2654 rei,

78 2705 105 2746 ao
124 2683 219 2748 ambo
257 2681 422 2770 damnandi
461 2687 546 2762 sunt,
580 2687 612 2749 et
644 2704 724 2766 quae
756 2684 866 2766 nupsit
899 2685 975 2748 uino
1009 2682 1121 2748 manto
1154 2685 1187 2748 et
1219 2682 1275 2765 qui

122 2787 215 2854 duxit
241 2808 322 2868 eam,
350 2790 441 2855 cuius
470 2791 554 2858 uiuit
580 2791 725 2856 meritus.
763 2791 918 2874 numquid
944 2789 998 2855 hic
1024 2790 1129 2872 legem
1153 2788 1273 2854 christi

121 2896 261 2961 dicimus
282 2896 497 2974 inhnmanum,
522 2917 585 2981 qua
607 2898 815 2981 constituitur
836 2917 890 2962 rea
912 2897 994 2962 tanti
1017 2895 1158 2961 criminis
1178 2899 1274 2977 etque

120 3003 265 3086 punitur,
294 3023 389 3086 quam
417 3004 467 3068 uir
490 3003 578 3068 nulla
601 3005 669 3068 eius
693 3003 900 3086 praecedente
922 3002 1129 3069 fornicatione
1152 3001 1276 3065 dimisit

121 3118 165 3191 et,
191 3109 267 3192 quia
289 3127 462 3191 paucorum
487 3114 538 3176 est
560 3109 731 3188 continere,
756 3109 944 3175 dimittendo
969 3107 1112 3191 conpulit
1134 3107 1273 3174 nubere?
1388 3102 1390 3106 ’

76 3237 103 3276 as
122 3235 181 3280 cur
213 3235 275 3282 non
306 3215 358 3281 hic
387 3215 523 3282 dicimus
551 3215 731 3282 habendum
761 3236 832 3282 esse
859 3235 915 3298 pro
942 3218 1080 3292 mortuo,
1109 3213 1163 3297 qui
1190 3213 1273 3282 mele

121 3323 314 3388 dimittendo
342 3323 429 3406 prior
452 3323 619 3409 coniugale
642 3323 810 3388 uinculum
833 3323 939 3405 rupit?
971 3341 1043 3386 nam
1068 3320 1273 3404 oneratione

215 3531 232 3586 3
252 3531 285 3585 cf.
304 3531 318 3584 I
337 3531 405 3586 Tim.
424 3533 450 3594 5,
471 3532 504 3586 13
561 3533 594 3586 13
612 3531 713 3589 Matth.
733 3533 757 3596 5,
777 3531 821 3586 31.
840 3531 874 3584 32

160 3654 303 3710 lillornnr
322 3654 455 3724 inquito*
510 3671 603 3726 moyse
626 3654 661 3710 Τ1
680 3671 785 3725 moyses
809 3653 920 3708 VEMS
975 3652 1100 3722 permisit
1123 3651 1271 3706 VEMSN¹

122 3745 163 3814 et]
184 3760 215 3798 ex
234 3743 272 3797 M
358 3745 536 3813 tconiugem
555 3760 609 3797 uon
628 3744 709 3798 iussit
732 3742 842 3797 VEMS
863 3760 916 3808 pon
936 3741 1021 3812 iussit
1040 3741 1070 3795 N
1168 3741 1269 3810 nonne]

121 3850 179 3887 uon
203 3832 305 3886 Tnom
326 3835 355 3897 et
378 3831 482 3886 Vnam
500 3831 626 3886 ΝΝΝΝ1
694 3833 710 3885 3
730 3829 895 3902 impediosas
913 3830 951 3884 Μ
1020 3831 1037 3882 4
1057 3828 1226 3898 coniugalem
1244 3830 1271 3882 B

121 3924 237 3992 8uero]
256 3939 319 3992 ergo
342 3922 368 3975 Τ
383 3933 462 3992 porro
482 3921 561 3976 N²bd
631 3920 763 3990 relinquit
781 3919 835 3976 RS
908 3921 943 3974 10
961 3919 1103 3974 continens
1118 3918 1159 3972 'M
1229 3934 1271 3972 re·

121 4011 246 4080 podium]
266 4010 376 4065 libellus
395 4009 543 4080 repudiiR
581 4012 612 4065 ll
633 4027 686 4064 non
700 4025 745 4078 pr.
761 4009 855 4064 om.R
894 4009 927 4063 12
946 4011 1042 4062 utem.
1060 4008 1150 4062 1⁸th
1167 4024 1226 4076 exp.
1242 4007 1276 4061 N

123 4102 158 4154 14
177 4099 238 4154 dico
257 4099 337 4154 nohis
361 4099 466 4154 VN²hd
529 4101 562 4155 18
581 4099 780 4154 incontinentia
797 4098 865 4151 ΒΤ1
932 4099 967 4150 20
984 4096 1090 4167 nupsit]
1108 4097 1185 4150 duxit
1201 4095 1272 4150 ΝΝι

122 4189 154 4242 21
177 4186 284 4242 cui-N
321 4186 508 4240 23nu11013¹
548 4187 583 4242 25
602 4187 666 4256 non]
687 4185 758 4242 inS
810 4186 866 4256 hic]
885 4186 937 4240 hoo
956 4189 1097 4255 peccatum
1121 4184 1275 4240 VEMN'S

122 4293 170 4348 pro
194 4293 217 4331 e.
242 4276 260 4331 l.
285 4275 322 4342 B,
346 4280 377 4338 (e.
403 4276 420 4330 l.
444 4293 478 4330 m.
503 4273 532 4346 2)
559 4275 704 4340 Tmeritp
728 4293 775 4346 pro
799 4274 832 4328 N
936 4274 1054 4342 mortuo]
1076 4275 1174 4327 marito
1198 4273 1274 4328 VES

122 4368 156 4420 26
176 4365 281 4434 rumpit
297 4361 374 4417 MN¹
