3109 4959
475 428 517 480 de
545 429 684 480 saneta
712 427 960 496 uirginitate
1221 429 1285 492 247

141 623 285 687 omnibus
312 622 345 686 in
374 625 535 688 aeternum
562 622 709 700 uioturis,
739 620 796 686 sed
824 621 1015 704 quibusdam
1041 622 1087 686 ibi
1110 621 1285 698 tribuenda,

141 729 190 793 oui
218 729 458 813 consequendae
486 747 597 812 parum
627 731 676 794 est
704 725 873 794 liberatum
903 748 973 793 esse
1001 748 1019 793 a
1046 729 1197 811 peccatis
1225 727 1287 792 nisi

140 836 257 919 aliquid
289 836 352 918 ipsi
384 835 545 900 liberatori
577 839 743 908 uoueetun
774 835 859 916 quod
889 855 951 900 non
984 835 1027 899 sit
1054 834 1196 899 oriminis
1224 853 1286 898 non

140 943 277 1022 uouisse,
311 942 367 1008 sed
400 943 529 1007 uouisse
557 961 594 1006 ao
622 941 797 1006 reddidisse
830 942 873 1006 sit
905 942 1020 1019 laudis,
1054 942 1285 1014 eonsilium,

108 1050 250 1132 iuquit,
288 1050 344 1126 do,
377 1052 580 1132 tamquam
616 1047 942 1113 misericordiam
980 1051 1229 1113 consecutus
1267 1068 1285 1112 a

138 1156 218 1233 deo,
243 1159 286 1220 ut
313 1155 456 1220 fidelis
485 1174 629 1232 essem;
658 1155 867 1236 nequeenim
895 1154 1036 1220 inuidere
1065 1155 1163 1219 debeo
1192 1154 1285 1222 fidele

138 1261 315 1339 eonsilium,
345 1261 398 1344 qui
431 1281 491 1326 uou
525 1261 605 1326 meis
638 1261 773 1339 meritis,
803 1259 859 1325 sed
892 1260 941 1325 dei
969 1260 1186 1326 misericordia
1213 1281 1285 1326 sum

137 1367 254 1442 fidelis3
294 1367 483 1432 existimo
520 1367 661 1450 itaque
698 1368 771 1432 hoo
809 1368 954 1432 bonum
992 1387 1081 1432 esse
1118 1370 1286 1452 propter

136 1477 392 1554 praesentem
417 1473 727 1539 necessitatem.
751 1476 821 1551 hoa,
842 1473 955 1556 inquit,
976 1474 1058 1538 uude
1082 1477 1286 1560 praeceptum

96 1601 119 1640 ro
137 1581 255 1646 domini
283 1599 345 1646 uon
374 1582 483 1657 habeo,
513 1581 570 1645 sed
598 1581 766 1646 eonsilium
796 1581 846 1659 do,
870 1581 930 1645 hoo
958 1585 1007 1645 est
1030 1581 1078 1646 ‘de
1106 1579 1284 1666 uirginibus

137 1689 280 1753 existimo
309 1689 427 1753 bonum
457 1689 537 1754 esse'
565 1693 693 1770 propter
720 1691 920 1771 praesentem
946 1689 1177 1754 nenessitatem.
1211 1688 1287 1752 noui

136 1796 217 1859 enim
248 1793 325 1876 quid
351 1795 527 1877 praesentis
556 1795 719 1877 temporis,
745 1797 798 1859 cui
826 1795 973 1879 coniugia
1001 1795 1153 1870 seruiunt,
1178 1814 1286 1859 neees-

136 1902 213 1966 sitas
248 1905 352 1984 cogat,
385 1904 422 1964 ut
454 1921 490 1966 ea
524 1921 603 1984 quae
637 1902 686 1966 dei
720 1905 797 1966 suut
828 1901 934 1967 miuus
968 1903 1155 1987 cogitentur,
1188 1921 1283 1984 quarn

136 2009 258 2072 suffieit
280 2008 502 2091 adipiscendae
525 2008 574 2072 illi
598 2009 726 2092 gloriae,
748 2028 828 2090 quae
851 2028 912 2073 non
937 2010 997 2074 erit
1015 2010 1157 2074 omnium
1176 2029 1285 2092 quam-

97 2133 119 2172 u
138 2115 186 2180 uis
215 2115 248 2178 iu
278 2118 404 2179 aeterna
431 2115 501 2178 uita
529 2133 564 2180 ao
593 2117 696 2180 salute
724 2115 934 2192 manentium
963 2117 1089 2180 stella
1111 2116 1213 2180 enirn
1238 2117 1284 2180 ab

137 2221 265 2286 stella
287 2219 434 2284 differt
456 2221 495 2284 in
519 2223 661 2305 gloria.
687 2222 747 2286 sio
771 2227 810 2286 et
831 2223 1086 2288 resurreetio
1111 2226 1284 2287 mortuo-

136 2348 231 2392 rum.
257 2328 401 2393 bonum
425 2332 489 2392 est
512 2347 585 2412 ergo
610 2329 762 2394 homini
786 2330 847 2396 sio
870 2349 971 2394 esse.

180 2435 252 2500 XV.
279 2438 330 2500 15.
354 2434 474 2500 Deinde
498 2435 644 2519 adiungit
666 2436 749 2502 idem
774 2438 940 2520 apostolus
965 2441 998 2500 et
1016 2436 1106 2500 dieit:
1133 2436 1284 2520 adliga-

135 2547 200 2608 tus
236 2561 278 2606 es
306 2542 445 2606 uxori?
479 2563 524 2607 ne
553 2543 787 2626 quaesieris
816 2544 1083 2620 solutionem3
1118 2544 1282 2609 solutus

93 2667 174 2714 roes
211 2651 258 2716 ab
286 2653 430 2713 uxore?
463 2669 507 2714 ne
537 2650 768 2733 quaesieris
797 2669 968 2715 uxorem.
1006 2650 1119 2715 horum
1149 2651 1283 2716 duorum

134 2757 219 2838 quod
246 2759 336 2841 prius
365 2758 474 2842 posuit
501 2758 541 2824 ad
567 2763 771 2841 praeceptum
801 2758 945 2840 pertinet,
974 2761 1083 2822 eontra
1109 2759 1196 2840 qnod
1223 2779 1282 2823 nou

133 2865 210 2929 lieet
238 2866 350 2931 faeere.
384 2885 445 2930 non
474 2865 556 2932 euim
584 2866 662 2930 iicet
690 2865 850 2929 dimittere
878 2883 1006 2930 uxorem
1032 2865 1095 2928 nisi
1123 2885 1159 2929 er
1188 2884 1283 2930 eausa

227 3059 260 3112 15
279 3056 293 3110 Ι
312 3056 373 3112 Cor.
394 3059 436 3120 15,
455 3059 499 3113 41.
518 3059 553 3110 42
611 3058 642 3111 17
660 3057 675 3110 Ι
693 3055 755 3112 Cor.
776 3057 802 3120 7,
821 3057 856 3109 26
913 3056 946 3110 18
965 3055 978 3108 I
998 3055 1058 3110 Cor.
1079 3057 1103 3119 7,
1124 3057 1156 3110 27

169 3183 181 3234 1
204 3181 331 3236 omnibus
348 3198 401 3236 on.
420 3181 575 3235 KMENX
690 3181 802 3235 uictoris
824 3181 883 3234 GX
1005 3183 1022 3234 2
1045 3181 1235 3249 consequenda
1253 3183 1284 3234 X

132 3269 233 3340 sipse
259 3269 347 3324 0²23
369 3271 473 3340 ipsoI
559 3273 705 3324 noceantur
728 3269 766 3324 A¹
856 3287 910 3323 non
933 3271 1054 3339 nouisse]
1079 3271 1188 3324 nouisse
1211 3270 1281 3325 RH¹

132 3360 150 3413 4
177 3361 301 3428 uouisse]
330 3360 440 3414 nouisse
468 3359 496 3414 R
630 3360 681 3414 lrao
709 3359 741 3412 K
852 3357 973 3412 reddisse
1001 3358 1069 3428 ΧΨ
1096 3359 1227 3412 redidisse
1254 3359 1282 3413 R

133 3449 242 3502 sitem.
265 3448 291 3502 G
395 3449 536 3503 eonsilium
556 3453 647 3502 autern
667 3448 788 3502 MENX
888 3447 1020 3516 5iuquid
1041 3448 1095 3502 CK
1197 3448 1282 3502 adeo

132 3553 183 3590 om.
203 3537 243 3590 Μ
330 3540 398 3592 dut
416 3539 466 3592 sim
485 3537 609 3591 MENX
708 3555 793 3591 essem
814 3554 865 3591 om.
884 3537 976 3591 MEX
1070 3537 1282 3591 essem-fidelis

131 3641 183 3679 ona.
206 3627 235 3678 N
342 3629 442 3696 neque]
461 3645 514 3681 nou
534 3627 627 3681 MEX
718 3627 858 3680 imerius
875 3627 943 3680 meis
961 3627 992 3680 E
1097 3627 1141 3680 dei
1160 3643 1209 3680 om.
1233 3626 1282 3680 OB

130 3715 351 3768 misericordiam
376 3717 446 3769 IZB
554 3733 709 3770 sum-esse
733 3731 785 3772 om.
804 3716 831 3768 B
940 3718 1146 3785 sum-propter
1168 3732 1218 3769 om.
1239 3716 1284 3768 IZ

131 3803 201 3871 sum]
223 3819 272 3867 oon
295 3807 326 3867 (e.
342 3803 360 3858 l.
376 3803 446 3872 sum)
461 3803 494 3856 Η
546 3803 562 3857 8
582 3803 818 3874 fidelis-propter
831 3820 882 3857 om.
901 3803 924 3857 0
972 3805 988 3857 9
1007 3802 1079 3857 unde
1093 3820 1144 3857 om.
1159 3804 1283 3858 MENX

133 3891 166 3945 10
186 3895 231 3945 est
249 3908 301 3945 om.
321 3891 350 3944 X
424 3893 457 3946 12
476 3891 552 3962 qnid]
574 3894 638 3962 quia
655 3891 781 3946 MENX
850 3892 1018 3962 temporibus
1037 3893 1064 3947 R
1083 3893 1233 3962 praesentis
1252 3894 1283 3946 X

133 3981 165 4033 13
186 3981 376 4049 cogitarentur
394 3981 418 4034 Z
487 3983 520 4034 14
538 3982 580 4034 illi
599 3981 790 4050 adipiscendae
808 3982 850 4034 ilii
869 3981 964 4034 MEX
981 3982 1023 4034 illi
1043 3981 1233 4050 adipiscendae
1252 3983 1285 4036 N

133 4072 165 4123 15
185 4069 239 4123 hac
257 4070 290 4123 K
361 4070 440 4141 stelle
460 4071 487 4123 B
560 4070 749 4124 aKMENX
806 4073 837 4123 16
857 4070 979 4124 differB
1052 4071 1165 4140 gloriam
1188 4071 1281 4124 CIZB

132 4160 259 4213 claritate
280 4159 316 4213 od
390 4162 421 4214 17
441 4161 558 4214 hominis
577 4159 610 4213 K
683 4161 714 4214 18
734 4160 909 4214 idem—dicit
928 4177 979 4215 om.
1000 4163 1026 4214 Z
1106 4164 1134 4213 et
1151 4177 1203 4213 om.
1223 4161 1282 4215 EX

131 4245 227 4302 diceus
248 4249 277 4302 X
359 4248 480 4302 allitases
500 4250 530 4302 D
623 4251 655 4302 19
675 4267 714 4302 es·
731 4249 763 4302 K
841 4267 928 4318 nequo
948 4251 1024 4303 sioris
1045 4251 1095 4314 (sio
1112 4249 1232 4316 saepius)
1252 4247 1282 4299 X

131 4338 154 4389 si
174 4337 282 4391 solutus
302 4338 329 4391 B
383 4339 415 4392 21
436 4339 562 4408 adposuit
581 4339 703 4392 MENX
775 4339 913 4408 pertinent
930 4340 958 4394 R
977 4339 1141 4409 pertine-tp
