3109 4959
591 433 632 487 de
660 433 862 487 mendacio
1234 438 1298 500 463

147 629 317 713 permissio
345 648 421 695 uero
449 629 506 694 illa
533 628 588 694 ubi
615 629 678 693 nisi
704 629 735 693 in
764 630 869 694 animo
899 632 968 694 ost?
998 630 1094 693 eliam
1127 629 1298 713 corporalis

149 755 226 819 ergo
258 735 414 819 pudicitia
441 736 600 817 corrumpi
627 735 690 801 nisi
716 736 748 800 in
772 736 877 801 animo
905 755 966 801 nou
995 738 1116 819 potest:
1147 755 1208 818 quo
1237 754 1297 801 non

148 841 368 907 consentiente
386 861 488 926 neque
506 844 710 925 permittente
727 844 815 907 uullo
835 843 928 908 modo
947 847 1033 907 recte
1053 842 1170 908 dicitur
1187 842 1299 907 uiolari

146 948 306 1031 pudicitie
329 949 510 1031 corporalis,
535 949 690 1032 quidquid
711 950 744 1013 in
773 968 902 1031 corpore
925 950 1022 1014 luent
1046 950 1147 1014 aliena
1168 948 1298 1014 libidine

112 1058 375 1139 eperpetratum.
412 1056 496 1120 unde
528 1055 691 1139 colligitur
721 1057 824 1120 multo
858 1056 959 1140 magis
992 1056 1088 1121 animi
1117 1057 1296 1121 castitatem

147 1162 339 1227 seruandam
355 1182 425 1227 esse
439 1163 470 1227 in
486 1162 600 1241 animo,
615 1164 647 1227 in
663 1182 724 1245 qno
744 1162 846 1227 tutela
861 1166 911 1227 est
928 1162 1103 1245 pudicitiae
1118 1165 1297 1247 corporalis.

146 1270 357 1352 quamobrem
385 1268 471 1352 quod
497 1268 530 1331 in
558 1268 650 1332 uobis
674 1271 733 1346 est,
762 1278 933 1349 utrumque
957 1269 1077 1333 sanctis
1100 1270 1242 1334 moribus
1267 1275 1299 1335 et

147 1375 391 1440 conuersatione
423 1373 631 1440 muniendum
663 1379 713 1439 est
745 1377 840 1456 atque
873 1374 1070 1457 sepiendum,
1090 1395 1140 1441 ne
1173 1376 1298 1441 aliunde

146 1482 297 1547 uiolatur.
325 1500 396 1546 cum
427 1485 534 1545 autem
563 1485 733 1563 utromque
759 1500 821 1545 non
845 1483 962 1563 potest,
987 1481 1063 1563 quid
1085 1501 1141 1565 pro
1170 1502 1231 1565 quo
1257 1484 1300 1547 sit

98 1608 128 1648 ιο
149 1588 416 1653 contemnendum
436 1588 508 1670 quis
527 1606 589 1652 non
607 1587 737 1652 uideat?
757 1606 828 1651 cum
847 1587 967 1663 uideat,
983 1588 1059 1670 quid
1079 1588 1131 1652 oui
1151 1590 1195 1654 sit
1212 1608 1299 1672 prae·

147 1694 340 1778 ponendum,
370 1694 494 1759 animus
523 1695 646 1776 corpori
678 1714 715 1758 an
745 1712 859 1777 corpus
888 1695 1004 1772 animo,
1037 1694 1134 1759 animi
1166 1696 1298 1761 castitas

147 1801 322 1885 pudicitiae
350 1802 501 1884 corporis,
534 1821 573 1866 an
606 1800 763 1884 pudicitia
794 1801 934 1883 corporis
964 1800 1106 1865 castitati
1134 1802 1241 1881 animi,
1267 1806 1298 1867 et

149 1908 226 1990 quid
254 1908 358 1992 magis
386 1908 418 1972 in
446 1908 586 1991 peccatis
616 1908 801 1987 cauendum,
830 1908 997 1990 permissio
1027 1907 1103 1972 faeti
1136 1908 1242 1973 alieni.
1259 1929 1296 1973 en

148 2016 333 2080 commissio
356 2015 433 2079 facti
455 2016 514 2079 tui.

96 2142 128 2183 m
193 2122 279 2186 XXI.
308 2124 361 2186 42.
385 2122 500 2186 illucet
525 2121 633 2204 itaque
662 2121 817 2187 discussis
846 2121 991 2186 omnibus
1020 2121 1100 2185 nibil
1128 2122 1214 2186 aliud
1241 2122 1298 2186 illa

146 2228 331 2294 testimonia
364 2229 590 2310 scripturarum
622 2248 750 2293 monere
782 2228 844 2293 nisi
871 2246 1044 2310 numquam
1073 2247 1144 2293 esse
1171 2228 1296 2294 omnino

147 2335 375 2414 mentiendum,
408 2335 662 2418 quandoquidem
694 2352 752 2400 nee
789 2334 854 2399 ulla
888 2335 1030 2417 exempla
1060 2334 1296 2400 mendaciorum

146 2441 326 2507 imitatione
353 2442 449 2525 digna
475 2442 506 2505 in
534 2442 676 2506 moribus
699 2441 858 2524 factisque
883 2443 1063 2507 sanctorum
1087 2441 1296 2520 inueniuntur,

148 2549 234 2632 qnod
252 2550 291 2613 ad
311 2569 364 2613 eas
384 2549 507 2613 adtinet
525 2549 709 2631 scripturas,
725 2567 805 2631 quae
826 2547 865 2611 ad
883 2548 1004 2612 nullam
1018 2549 1185 2632 figuratam
1200 2549 1297 2633 signi-

93 2677 126 2717 no
146 2656 327 2721 ficationem
346 2658 533 2733 referuntur,
553 2656 650 2719 sicuti
668 2659 745 2719 sunt
761 2674 813 2719 res
833 2658 942 2738 gestae
965 2654 997 2719 in
1016 2654 1151 2719 Actibus
1172 2659 1296 2737 aposto-

144 2762 257 2827 lorum.
298 2782 371 2827 nam
405 2762 523 2827 domini
552 2761 657 2827 omnia
683 2761 717 2824 in
746 2761 924 2845 euangelio,
953 2780 1032 2844 quae
1059 2761 1296 2844 imperitioribus

143 2868 310 2933 mendacia
331 2868 491 2946 uidentur,
515 2868 669 2951 figuratae
694 2867 941 2951 significationes
966 2869 1050 2932 sunt.
1089 2870 1121 2931 et
1144 2867 1228 2949 quod
1252 2868 1297 2932 ait

144 2977 327 3055 apostolus:
369 2975 554 3040 omnibus
597 2974 729 3038 omnia
769 2975 907 3038 factus
946 2992 1040 3051 sum,
1077 2976 1121 3038 ut
1158 2993 1294 3038 omnes

143 3080 444 3157 lucrifacerem,
472 3100 533 3144 non
558 3099 631 3145 eum
654 3080 846 3157 mentiendo,
871 3080 928 3143 sed
952 3079 1157 3162 compatiendo
1181 3080 1295 3144 fecisse

94 3206 124 3246 ec
142 3190 230 3252 recte
257 3187 463 3271 intellegitur,
490 3191 528 3251 ut
549 3190 640 3251 tanta
662 3185 793 3251 caritate
818 3205 890 3251 cum
915 3186 960 3251 eis
983 3186 1154 3249 liberandis
1178 3192 1294 3271 ageret,

144 3312 182 3358 nc
205 3295 234 3359 si
256 3294 325 3377 ipso
347 3294 379 3357 in
404 3313 440 3358 eo
464 3296 548 3357 maio
572 3297 667 3370 esset,
692 3312 711 3357 a
734 3312 795 3376 quo
819 3293 893 3357 illos
918 3312 1027 3357 sanare
1051 3293 1209 3376 cupiebat.
1233 3312 1294 3358 non

143 3404 195 3465 est
225 3400 327 3483 igitur
358 3400 575 3466 mentiendum
607 3400 639 3464 in
672 3399 816 3464 doctrina
846 3400 989 3481 pietatis;
1028 3419 1178 3483 magnum
1212 3399 1292 3465 enirn

143 3507 252 3571 scelus
285 3511 334 3572 eet
361 3509 395 3571 et
421 3508 560 3589 primum
589 3525 689 3591 genus
718 3505 918 3571 detestabilis
947 3506 1111 3571 mendacii.
1154 3525 1214 3570 non
1246 3510 1294 3570 est

234 3697 268 3750 23
287 3697 300 3751 Ι
319 3697 380 3752 Cor,
400 3701 425 3759 9,
445 3700 479 3751 22

180 3790 382 3871 lecissirnisp
455 3803 666 3872 8saepiendum
685 3802 732 3871 Rp
825 3804 995 3875 alicundciip
1069 3804 1152 3873 9pro
1172 3820 1224 3873 quo
1246 3803 1293 3873 sit]

141 3890 428 3961 prosit(a'amp‚pro
449 3892 501 3945 alio
522 3891 763 3961 sit)1¹'prositS
812 3893 845 3945 10
864 3891 1146 3949 centumcentumn
1197 3893 1230 3945 12
1250 3910 1291 3946 oa-

141 3981 241 4033 stim·
259 3980 297 4033 M
360 3982 393 4034 13
411 3980 528 4034 factaS
592 3982 625 4035 16
645 3997 815 4051 nonquamp
887 3982 995 4034 omnino
1016 3998 1074 4033 esse
1094 3982 1124 4033 F
1180 3982 1213 4036 18
1232 3982 1292 4035 imi-

139 4069 277 4123 tationem
291 4068 319 4123 R
357 4071 389 4123 19
409 4070 565 4139 figuratam]
585 4070 776 4139 figurationem
792 4070 829 4123 M
863 4071 897 4123 20
917 4087 959 4123 res
978 4084 1029 4123 orn.
1049 4068 1101 4123 ΒΡ
1152 4074 1231 4139 gesta
1245 4071 1297 4124 SF

141 4159 175 4211 21
196 4156 300 4211 domini
318 4174 370 4215 om.
392 4158 421 4209 F
473 4159 588 4227 quaein
608 4159 751 4227 euangelio
773 4160 823 4220 (sic
842 4158 924 4227 coci.)
944 4159 973 4209 F
1024 4159 1059 4211 24
1079 4160 1149 4228 eum]
1170 4160 1241 4213 enirn
1257 4159 1292 4211 F¹

141 4262 175 4299 ea
194 4244 237 4298 F²
309 4247 343 4300 25
363 4246 578 4315 τεοὶε1εετ1εφ
658 4251 737 4300 tauta
755 4248 882 4301 castitate
902 4246 962 4301 SF¹
1045 4248 1078 4300 27
1099 4252 1141 4300 est
1158 4264 1209 4301 om.
1229 4248 1293 4316 Eup

139 4350 269 4403 magnam
288 4334 325 4387 M
