3109 4959
280 429 345 492 404
632 427 658 480 S.
689 426 827 480 Aureli
854 425 1079 496 Augustini

280 619 420 686 deuincti
444 617 599 687 adulterio
623 641 680 688 nee
703 622 857 705 baptizari
880 621 1006 706 possint
1023 641 1080 688 nec
1103 622 1291 706 paenitendo
1315 622 1439 700 sanem,

280 727 433 809 numquid
457 732 631 812 propterea,
651 747 690 794 ne
709 728 772 794 istu
790 727 1037 794 homicidiorum
1059 729 1180 794 scelere
1201 733 1438 813 perpetrentur,

279 835 395 899 dicturi
428 853 539 900 sumus
571 855 631 900 nou
661 855 732 900 esee
761 835 918 900 adulterio
944 835 1129 918 repudietis,
1151 842 1274 919 praeter
1300 855 1439 902 causum

280 941 496 1006 fornicatiouis
519 941 669 1008 uxoribus
694 942 755 1007 sibi
778 944 895 1008 alteros
919 942 1087 1025 copulare?

322 1048 423 1114 XVII.
439 1050 490 1114 18.
509 1049 575 1112 Iam
596 1067 672 1114 uero
692 1067 727 1112 ex
745 1049 816 1127 hoc,
836 1049 922 1132 qued
941 1050 1028 1131 sapis
1048 1067 1110 1114 nou
1130 1069 1200 1115 esse
1219 1050 1433 1127 adulterium,
1466 1075 1479 1111 s

279 1157 306 1221 si
326 1157 376 1221 uir
398 1173 526 1220 uxorem
550 1173 648 1220 ceusu
670 1154 887 1220 fornicatiouis
911 1156 1064 1221 abiecerit
1086 1163 1119 1222 et
1140 1157 1272 1222 altorem
1294 1157 1437 1235 duxerit,

278 1280 380 1328 noune
410 1261 570 1327 arbitreris
595 1261 783 1340 cauendum,
806 1281 845 1326 ne
868 1261 995 1328 discent
1016 1263 1080 1328 uiri
1102 1281 1215 1329 uxores
1238 1283 1323 1338 sues,
1351 1285 1437 1347 quus

277 1373 406 1453 propter
428 1369 507 1433 alies
531 1367 775 1432 innumerabiles
795 1385 908 1434 causes
927 1368 1006 1432 ferre
1025 1387 1087 1432 nou
1106 1373 1251 1450 possunt,
1268 1369 1437 1436 moechari

279 1493 402 1561 eogere,
429 1479 467 1540 ut
495 1475 533 1540 nb
563 1475 609 1540 eis
638 1474 766 1539 uinculo
796 1474 955 1558 coniugali
982 1493 1039 1558 per
1065 1474 1314 1552 fornicationem,
1344 1477 1439 1540 sicut

277 1587 382 1663 putes,
410 1583 516 1647 soluto
544 1581 640 1646 liceat
668 1582 714 1646 eis
743 1582 859 1646 alteras
887 1581 1013 1655 ducere,
1043 1585 1214 1658 sterce,
1243 1581 1326 1662 quod
1355 1582 1435 1648 illas
1454 1607 1480 1646 ιι

278 1688 436 1753 moechari
476 1693 659 1772 coegerunt,
701 1689 758 1752 eut
793 1687 987 1771 baptismate
1023 1687 1109 1752 ablui
1147 1692 1203 1752 ant
1238 1689 1435 1770 paenitendo

277 1795 390 1872 seueri,
420 1794 567 1877 quonium
595 1793 661 1860 illis
689 1799 722 1858 et
750 1795 852 1879 gretie
880 1796 912 1858 et
938 1794 1095 1858 medicine
1117 1794 1294 1878 negabitur,
1317 1814 1434 1877 quam-

277 1901 331 1966 diu
360 1919 432 1966 oum
460 1901 613 1966 adulteris
641 1900 763 1978 uiuent,
792 1901 820 1964 si
847 1900 1005 1982 prioribus
1033 1904 1159 1984 praeter
1179 1919 1309 1966 mosem
1330 1903 1434 1966 forui-

277 2009 410 2075 cetiouis
446 2008 619 2092 repudietis
658 2009 772 2072 alteras
810 2007 976 2072 duxerint?
1021 2006 1084 2072 uisi
1120 2008 1201 2073 forte
1237 2008 1308 2091 quis
1341 2009 1435 2073 dicet

275 2115 430 2180 nemiuem
459 2131 552 2197 posse
580 2132 708 2178 uxorem
736 2132 828 2178 suem
856 2113 1017 2178 moechari
1038 2113 1152 2190 fucere,
1176 2114 1204 2180 si
1226 2113 1342 2198 pudice
1367 2119 1432 2182 est
1452 2139 1478 2177 ιι

276 2226 434 2288 ettamen
460 2220 616 2298 dominns,
642 2219 770 2286 omnis
794 2219 862 2302 qui
885 2219 1103 2294 dimiserit,
1126 2219 1240 2303 inquit,
1263 2241 1432 2286 uxorem

277 2349 388 2394 suem
412 2329 574 2412 prester
598 2346 758 2392 causum
783 2327 1079 2392 fornicationis
1103 2327 1207 2392 fecit
1225 2345 1306 2392 eern
1325 2348 1432 2394 moe-

276 2437 395 2501 cheri.
439 2433 550 2517 utique
577 2437 754 2517 propterea,
782 2434 857 2517 quie
885 2451 958 2498 cum
986 2437 1073 2498 esset
1099 2433 1216 2517 pudice
1243 2453 1315 2499 cum
1344 2436 1431 2515 niro,

273 2546 379 2607 tumen
412 2540 546 2606 dimisse
579 2541 703 2624 cogitur
729 2559 786 2622 per
812 2540 1072 2605 incontinentium
1099 2541 1177 2605 uiuo
1204 2541 1306 2624 priore
1333 2543 1433 2606 alteri

275 2647 426 2730 copulari,
456 2650 489 2712 et
516 2647 576 2712 hoc
605 2649 654 2712 eet
681 2647 852 2712 moechari.
894 2647 1008 2730 quodsi
1035 2647 1096 2711 hoc
1124 2646 1187 2711 iste
1213 2665 1274 2711 uon
1303 2647 1430 2712 fecerit.
1449 2673 1477 2711 sc

274 2759 378 2819 tumen
410 2753 476 2834 ille,
502 2755 653 2835 quantum
682 2752 713 2815 in
742 2752 812 2833 ipso
841 2755 900 2828 est,
929 2753 1032 2817 iecere
1059 2752 1215 2834 conpulit;
1250 2756 1281 2817 et
1308 2754 1370 2818 hoc
1398 2755 1431 2818 ei

274 2861 352 2926 deus
380 2863 558 2944 peccatum,
586 2855 711 2923 etiamsi
739 2859 796 2922 ille
822 2862 911 2922 cestu
937 2864 1128 2941 permaneat,
1157 2858 1326 2943 inputabit.
1371 2861 1430 2926 sed

274 2968 345 3050 quis
378 2967 508 3043 nesciet,
543 2984 635 3048 qnam
670 2965 736 3029 sint
766 2964 956 3044 rarissimae,
990 2983 1070 3048 quse
1098 2965 1145 3030 ite
1171 2965 1286 3048 pudice
1313 2967 1432 3032 uiuent

274 3093 345 3139 eum
370 3074 459 3151 uiris,
482 3076 530 3148 ut,
555 3071 682 3136 etiarnsi
705 3073 742 3136 nb
768 3073 814 3137 eis
838 3072 1049 3150 dimittentur,
1073 3071 1153 3137 elios
1172 3092 1233 3138 uon
1253 3079 1430 3154 quaeruut?

272 3179 562 3264 incomparabiliter
585 3178 702 3261 quippe
725 3197 877 3244 numerus
901 3189 952 3244 est
973 3178 1108 3262 amplior
1125 3178 1325 3252 feminarum,
1345 3199 1430 3261 quse
1447 3207 1475 3244 ss

273 3305 345 3351 cum
372 3283 488 3368 pudice
517 3284 706 3350 adhaereant
732 3285 866 3363 maritis,
894 3289 1011 3363 tumen,
1041 3287 1068 3350 si
1092 3284 1244 3351 dimissae
1267 3285 1429 3350 fueriuts

273 3393 405 3467 maritis,
434 3412 493 3457 non
524 3391 672 3457 differunt
699 3393 828 3458 nubere.
866 3411 938 3456 cum
967 3410 1042 3476 ergo
1066 3391 1257 3456 credideriut
1278 3392 1428 3457 homines

290 3643 293 3648 ⁴
363 3653 396 3705 16
416 3651 515 3705 Mutth.
535 3653 560 3717 5,
580 3653 615 3706 32

308 3792 549 3848 BedulteriumS
598 3793 621 3846 si
640 3793 828 3864 repudietisS
861 3794 921 3846 4si
940 3793 993 3847 sibi
1013 3793 1086 3847 Vns
1141 3792 1330 3862 copulaueriut
1349 3791 1428 3847 VES

271 3881 438 3935 dediscerit
456 3881 483 3934 P
546 3882 580 3936 lo
598 3881 679 3935 solito
701 3887 733 3947 (s.
751 3882 762 3935 i
781 3882 847 3936 add.
868 3887 896 3946 ιι)
919 3879 967 3935 TS
1046 3881 1108 3936 illes
1126 3896 1178 3934 om.
1197 3879 1226 3933 P
1288 3880 1319 3934 11
1339 3897 1424 3952 eoge-

271 3974 335 4024 runt
357 3969 450 4024 Tro?
521 3970 595 4024 eblui
614 3987 664 4028 om.
684 3971 718 4023 Μ
791 3971 866 4024 ablui
884 3971 941 4040 sut]
961 3970 1074 4024 abluunt
1092 3969 1120 4022 P
1205 3968 1423 4024 rucenniaco

271 4059 378 4128 possint
401 4058 455 4112 VE
471 4059 561 4112 senari
579 4061 687 4129 possint
706 4060 725 4125 (i
745 4077 779 4114 ec
797 4060 826 4130 u)
845 4059 868 4114 S
921 4061 954 4131 ¹3,
974 4061 1073 4114 uiuunt
1085 4055 1200 4113 BTMS
1269 4057 1423 4127 repudietis

271 4149 378 4216 praeter
396 4162 504 4200 causum
524 4147 710 4202 fornicationis
728 4149 757 4203 R
808 4149 841 4203 15
861 4147 948 4201 secere
966 4147 1141 4202 moecheriS
1187 4148 1220 4202 21
1241 4149 1312 4218 ipso]
1330 4146 1382 4200 ilio
1398 4148 1427 4201 Τ

270 4235 304 4290 22
324 4239 464 4304 peccatum
483 4233 549 4289 deus
567 4236 593 4289 Τ
658 4237 838 4305 permonetP
907 4236 1057 4305 imputauit
1069 4237 1126 4290 BT
1209 4238 1245 4292 23
1262 4233 1378 4306 pudicae
1393 4235 1423 4288 B

270 4325 305 4378 24
325 4326 440 4393 querunt
457 4323 487 4377 Ε
503 4325 640 4393 requirent
657 4321 738 4378 N‘od
805 4325 840 4380 25
859 4341 986 4378 numerus
1005 4325 1153 4396 quippeT
1204 4327 1240 4380 26
1257 4321 1372 4396 pudieus
1392 4323 1423 4376 B
