3109 4959
295 430 359 492 256
654 426 679 479 S.
708 423 848 477 Aureli
875 422 1092 492 Augustini

293 621 491 686 lationem
521 625 651 684 autem
683 620 817 684 carnis
846 619 1053 683 habebunt
1080 618 1203 682 huius
1227 617 1344 693 modi,
1368 637 1437 702 ego

293 731 425 792 autem
452 728 571 793 uobis
595 745 714 809 parco
735 728 781 790 ita
798 725 1057 810 intellegendum,
1077 729 1239 808 tamquam
1259 725 1438 807 nuptiarum

293 837 459 916 peccatum
484 837 516 898 et
535 834 766 898 damnationem
786 833 936 896 maluerit
954 835 1058 896 tacere
1077 851 1173 915 quam
1191 833 1305 900 dicere.
1328 833 1437 896 harum

293 941 408 1024 quippe
446 941 577 1005 duarum
616 941 845 1004 sententiarum
882 940 1027 1023 singulas
1064 939 1126 1002 duo
1160 959 1279 1005 errores
1312 941 1439 1004 sibimet

293 1049 439 1112 contrarii
463 1067 524 1112 non
550 1067 602 1112 eas
626 1047 838 1130 intellegendo
862 1049 1042 1112 tenuerunt.
1072 1046 1160 1109 illam
1185 1047 1268 1110 enim
1293 1047 1332 1110 de
1355 1066 1440 1128 prae·
1468 1069 1479 1106 s

293 1155 375 1218 senti
404 1154 593 1218 necessitate
621 1154 669 1218 illi
697 1173 752 1238 pro
782 1173 816 1218 se
844 1153 1099 1234 interpretantur,
1124 1154 1178 1236 qui
1201 1154 1358 1218 nubentes
1380 1173 1440 1218 uon

293 1261 486 1325 nubentibus
520 1281 653 1343 aequare
686 1260 891 1336 contendunt,
920 1260 1001 1324 hano
1028 1279 1114 1338 uero,
1143 1259 1198 1324 ubi
1226 1259 1348 1324 dictum
1377 1266 1438 1324 est:

293 1385 364 1449 ego
394 1371 525 1430 autem
551 1368 668 1432 uobis
693 1387 824 1450 parco,
849 1367 909 1443 illi,
935 1367 988 1448 qui
1008 1366 1163 1430 nubentes
1183 1365 1331 1430 damnare
1355 1386 1439 1450 prae·

293 1475 434 1539 sumunt.
464 1493 520 1537 nos
549 1479 654 1538 autem
684 1475 859 1538 seeundum
888 1474 1113 1556 scripturarum
1143 1477 1322 1537 sanctarum
1347 1473 1439 1536 iidem

292 1599 463 1664 sanamque
497 1581 669 1645 doctrinam
703 1600 761 1644 neo
794 1585 959 1663 peccatum
991 1600 1060 1644 esse
1089 1579 1225 1644 dicimus
1254 1581 1382 1664 nuptias
1410 1584 1479 1644 eto

292 1705 399 1752 earum
423 1691 529 1752 tamen
552 1689 669 1752 bonum
690 1707 749 1751 nou
771 1689 875 1752 solum
895 1688 976 1751 infra
994 1687 1191 1772 uirginalem,
1212 1707 1324 1753 uerum
1345 1688 1438 1752 etiam

291 1793 372 1858 infra
391 1795 550 1860 uidualem
569 1797 794 1860 continentiam
814 1795 1039 1860 constituimus
1058 1799 1320 1878 praesentemque
1334 1815 1438 1860 neces-

292 1901 419 1966 sitatem
445 1903 683 1986 coniugatorum
708 1922 768 1967 nou
794 1903 923 1984 quidem
948 1902 986 1966 ad
1005 1903 1104 1966 uitam
1126 1905 1294 1980 aeternam,
1315 1921 1439 1966 uerum·

290 2011 395 2072 tamen
420 2009 458 2073 ad
483 2011 686 2072 excellentem
712 2009 846 2092 gloriam
871 2012 903 2073 et
921 2009 1083 2084 bonorem,
1104 2010 1158 2092 qui
1176 2011 1350 2092 perpetuae
1369 2025 1438 2072 cou-

291 2115 442 2178 tinentiae
470 2121 659 2192 reseruntur,
683 2116 825 2199 inpedire
854 2135 960 2179 eorum
990 2116 1139 2180 meritum
1168 2115 1306 2179 dicimus
1339 2134 1477 2196 nequeo

291 2221 350 2285 boo
377 2225 519 2305 tempore
548 2223 609 2287 uisi
637 2223 693 2300 eis,
718 2222 771 2304 qui
801 2243 835 2288 se
863 2241 924 2286 non
949 2222 1118 2301 continent,
1143 2223 1271 2304 nuptias
1295 2221 1437 2304 expedire

290 2328 590 2411 tribulationemque
615 2331 717 2394 carnis
742 2351 778 2394 er
802 2331 916 2394 affectu
943 2331 1057 2394 carnali
1079 2330 1267 2404 uenientem,
1288 2328 1357 2393 sine
1376 2347 1436 2410 quo

290 2435 418 2516 nuptiae
445 2436 708 2501 incontinentium
738 2455 808 2501 esse
836 2457 896 2502 non
920 2439 1065 2519 possunt,
1090 2455 1146 2500 uec
1169 2439 1273 2500 tacere
1297 2436 1437 2500 uoluisse

290 2544 469 2624 apostolum
494 2563 570 2608 uera
592 2549 846 2626 praemonentem
871 2563 929 2608 neo
951 2543 1076 2626 plenius
1101 2543 1253 2626 explicare
1272 2543 1436 2607 hominum

289 2647 464 2714 infirmitati
488 2655 679 2731 parcentem.
1453 2673 1477 2710 n
1548 2706 1549 2757 l

335 2756 435 2822 XXII.
472 2757 564 2822 Nunc
600 2759 662 2821 iarn
700 2759 928 2840 scripturarum
966 2758 1144 2823 diuinarum
1186 2756 1437 2822 euidentissimis

290 2862 492 2940 testimoniis,
531 2883 609 2946 quae
648 2883 702 2946 pro
741 2868 867 2930 nostrae
904 2865 1074 2929 memoriae
1110 2863 1240 2929 modulo
1282 2863 1438 2928 recordari

290 2969 496 3045 uoluerimus,
527 2971 641 3035 clarius
676 2971 826 3054 adpareat
858 2991 919 3036 non
952 2976 1079 3054 propter
1110 2976 1308 3054 praesentem
1340 2971 1437 3035 huius

291 3077 409 3140 saeculi
437 3077 548 3153 uitam,
574 3077 629 3142 sed
657 3083 785 3161 propter
811 3079 962 3156 futuram,
987 3098 1067 3161 quae
1094 3079 1126 3142 in
1154 3097 1250 3163 regno
1278 3077 1436 3143 caelorum

289 3183 494 3263 promittitur,
523 3193 707 3266 perpetuam
737 3185 961 3249 continentiam
991 3185 1200 3269 deligendam.
1234 3185 1305 3268 quis
1330 3189 1436 3250 autem
1454 3201 1478 3238 εδ

326 3531 337 3580 1
359 3527 499 3582 habebunt
518 3547 570 3583 om.
590 3529 620 3582 E
703 3531 720 3584 2
739 3531 953 3599 intellegendum
972 3536 1073 3601 putant
1090 3533 1121 3586 X
1210 3533 1227 3585 3
1246 3532 1393 3586 maluerint.
1410 3533 1437 3584 B

290 3615 387 3686 dicere]
413 3617 487 3686 loqui
508 3619 538 3670 X
627 3619 775 3689 4singula
793 3619 850 3674 AG
958 3622 986 3674 in
1006 3621 1073 3674 dnos
1091 3621 1219 3676 MENX
1307 3621 1392 3676 tilla
1410 3621 1440 3675 E

288 3709 429 3774 praesente
448 3707 481 3759 K
551 3709 667 3762 9fiuem
688 3711 723 3762 P¹
800 3711 832 3764 lc
851 3710 976 3764 doctriua
993 3711 1026 3764 K
1103 3711 1217 3765 dicimus
1236 3727 1295 3765 esse
1312 3711 1438 3765 nrm

290 3795 320 3848 ll
342 3799 396 3847 lam
418 3795 477 3848 EX
547 3799 621 3851 intra
640 3799 670 3852 N
741 3799 877 3868 uirginale
899 3801 948 3853 CB
1004 3801 1036 3854 12
1055 3817 1233 3871 praesemque
1251 3799 1295 3853 11¹
1352 3801 1385 3856 13
1402 3818 1437 3854 ne

290 3883 397 3952 quidem
417 3885 474 3937 AG
546 3889 722 3954 uerumetiam
743 3888 775 3942 K
830 3892 862 3944 15
883 3907 974 3942 eorum
993 3889 1173 3958 impedireX
1246 3907 1338 3944 eorum
1355 3907 1436 3958 erar

291 3975 322 4026 16
342 3973 472 4042 tempore]
493 3977 607 4028 temnere
628 3979 655 4044 (p
676 3981 724 4041 cr.)
745 3977 777 4030 H
868 3978 900 4030 17
919 3977 1124 4032 tribulationem
1143 3977 1194 4033 SR
1270 3981 1360 4033 caruis
1379 3997 1436 4033 car·

288 4059 391 4114 naliT
461 4063 632 4118 uenienteC
704 4067 736 4118 19
755 4083 848 4120 uerum
866 4066 895 4118 B
971 4071 1167 4137 proponentem
1185 4067 1317 4139 muas
1388 4085 1437 4122 nee

288 4165 338 4202 om.
359 4150 389 4202 E
477 4152 512 4205 20
535 4152 692 4206 infirmitate
712 4155 745 4208 K
834 4157 868 4209 22
892 4155 1033 4210 recordare
1051 4157 1079 4212 R
1168 4157 1203 4212 23
1227 4157 1392 4212 uoluerimus
1410 4159 1440 4214 E

288 4239 386 4293 claruit
404 4239 439 4292 P¹
514 4245 643 4311 apparete
662 4243 704 4295 H¹
724 4245 875 4313 operiemus
895 4244 939 4298 11²
993 4246 1028 4298 25
1046 4245 1239 4314 promitturH
1308 4246 1437 4317 delegen-

288 4325 348 4380 dam
369 4329 395 4382 B
415 4329 569 4397 eligendam
589 4330 833 4400 R1²di1igenoam
853 4333 1193 4389 KHSADGTMENXb
