3109 4959
300 426 364 489 452
655 423 682 478 S.
709 420 848 476 Aureli
875 422 1094 493 Augustini

298 636 378 695 nes,
393 616 515 694 furta,
534 616 643 682 falsa
660 616 911 696 testimonia,
931 616 1332 701 blasphemiaehaee
1355 622 1458 683 sunt

299 742 398 807 qnae
427 723 694 805 coinquinent
720 723 933 789 hominem.
971 724 1023 789 hie
1047 725 1075 789 ri
1098 742 1197 789 unum
1227 742 1261 789 es
1289 723 1380 806 quod
1404 728 1458 789 est

299 829 437 912 eorporis
460 829 664 908 intellexeris,
688 830 847 913 quomodo
871 830 1092 897 intellecturus
1118 849 1166 895 ee:
1191 848 1290 913 qnae
1314 833 1457 895 eutem

298 936 527 1019 procedunt
554 936 599 1001 de
627 955 702 1015 ore,
730 937 776 1002 de
801 936 919 1003 eorde
945 940 1100 1015 exeunt,
1125 955 1198 1002 eum
1221 942 1254 1001 et
1276 940 1398 1020 sputus
1425 943 1457 1001 et

298 1043 441 1109 uomitus
470 1042 508 1108 de
538 1062 590 1108 ore
617 1042 789 1125 precedat?
825 1042 888 1109 nisi
915 1042 1097 1109 fortemne
1120 1043 1339 1127 quisquenun
1366 1044 1456 1109 euin·
1483 1065 1495 1105 r

298 1150 456 1231 quinatur,
489 1168 563 1213 eum
594 1149 661 1215 edit
692 1148 814 1232 aliquid
844 1149 1043 1228 inmundum,
1074 1150 1298 1233 coinquinatur
1329 1152 1455 1225 autem,

297 1274 370 1321 eum
401 1255 435 1319 id
467 1254 598 1321 eremit.
637 1255 724 1338 quod
756 1255 784 1321 ei
817 1255 1084 1323 absurdissimum
1116 1258 1176 1336 est,
1208 1260 1317 1335 restet,
1346 1260 1389 1323 ut
1414 1277 1454 1322 us
1549 1292 1550 1315 1

298 1360 401 1429 eordie
423 1362 649 1446 intellegamus
672 1362 837 1429 edomino
855 1363 1045 1448 expositum,
1065 1382 1140 1429 eum
1156 1364 1218 1429 ait:
1237 1381 1341 1445 uuae
1367 1382 1454 1446 pro·

298 1468 447 1533 cedunt
475 1466 521 1533 de
549 1488 627 1548 ore,
656 1469 701 1535 de
729 1470 849 1535 eorde
873 1473 1029 1535 exeunt.
1066 1488 1140 1535 nam
1164 1473 1197 1535 et
1218 1470 1351 1549 lurtum,
1373 1488 1453 1536 eum

297 1573 410 1657 possit,
429 1578 462 1639 et
480 1594 575 1659 saepe
597 1575 644 1640 ita
665 1576 731 1653 liat,
754 1576 787 1640 in
812 1576 938 1642 silentio
963 1577 1133 1659 corporalis
1156 1576 1246 1641 neeis
1270 1580 1368 1659 atque
1388 1577 1453 1641 oris
1469 1598 1492 1639 u
1549 1574 1550 1585 ²

296 1682 478 1764 perpetrari,
497 1681 773 1747 dementissimum
797 1686 847 1748 est
869 1682 916 1747 sie
933 1682 1129 1767 intellegere,
1148 1684 1185 1747 ut
1202 1685 1280 1747 tune
1296 1686 1451 1765 putemus

297 1806 489 1872 quemquam
507 1791 638 1871 peceato
652 1789 728 1854 furti
744 1788 961 1867 contaminari,
977 1808 1050 1855 eum
1064 1789 1097 1853 id
1111 1789 1230 1855 fatetur
1248 1792 1305 1854 aut
1317 1788 1450 1858 indicat.

297 1914 371 1959 cum
398 1898 504 1961 autem
531 1894 566 1960 id
592 1896 691 1961 tacite
718 1896 904 1973 committit,
927 1894 1200 1979 incoinquinatum
1224 1894 1382 1961 arbitrari
1417 1900 1451 1959 at

297 2020 372 2067 nero
395 2002 424 2068 ei
447 2001 488 2066 ad
512 2021 547 2068 us
571 2002 675 2067 cordis
699 2003 785 2085 quod
808 2002 930 2069 dietum
950 2006 1001 2068 est
1017 2003 1202 2081 referemus,
1221 2002 1301 2069 nihil
1321 2004 1449 2069 omnino

296 2109 421 2191 pemati
443 2109 541 2174 tacite
564 2109 723 2175 committi
744 2112 867 2193 peteet;
892 2128 952 2175 non
977 2109 1061 2175 enim
1084 2110 1306 2189 committitur,
1329 2111 1393 2177 uiri
1409 2130 1445 2176 er
1463 2130 1485 2168 n

296 2234 349 2280 ore
370 2215 427 2281 illo
449 2215 598 2281 interiore
619 2214 781 2298 procedat.

341 2323 394 2387 33.
420 2321 512 2388 Sicut
533 2327 641 2389 autem
664 2323 827 2406 quaeritur
850 2323 889 2388 de
913 2343 976 2407 que
1002 2342 1054 2389 ere
1078 2323 1205 2389 dixerit:
1234 2342 1276 2389 os
1299 2328 1443 2403 autem,

297 2428 401 2511 quod
430 2430 639 2507 mentitur,
668 2429 825 2495 oceidit
853 2429 1032 2505 animam,
1060 2430 1106 2495 ita
1133 2430 1242 2514 quaeri
1264 2434 1383 2515 petest,
1406 2430 1444 2495 de

296 2554 358 2618 que
385 2536 561 2602 mendacio.
598 2536 727 2601 uidetur
753 2537 839 2603 enim
867 2537 905 2603 de
929 2537 985 2603 illo
1008 2536 1134 2620 proprie
1157 2537 1271 2617 (licere,
1295 2556 1357 2622 que
1381 2538 1443 2603 eri·

296 2660 391 2724 quam
419 2642 605 2709 detrahitur.
643 2643 689 2707 ait
716 2643 816 2708 enim:
846 2644 1057 2712 abstinete
1085 2663 1177 2730 ergo
1206 2664 1278 2710 uos
1302 2663 1322 2709 a
1347 2660 1484 2709 mur-⁸⁰

296 2750 539 2830 muratione,
577 2769 677 2833 quae
714 2750 818 2815 nihil
854 2750 1035 2833 prodest,
1069 2753 1108 2815 et
1139 2770 1157 2815 a
1190 2750 1441 2817 detractione

294 2856 454 2939 parcite
480 2857 538 2922 lin
547 2876 658 2942 guae.
695 2855 732 2922 fit
754 2860 863 2921 autem
885 2856 949 2921 ista
972 2856 1159 2922 detractatio
1182 2876 1239 2939 per
1259 2857 1441 2922 maliuulen-
1550 2904 1551 2959 ἱ

294 2964 384 3040 tiam,
412 2982 484 3028 eum
513 2964 647 3047 quisque
675 2982 738 3029 nen
766 2964 872 3029 solum
901 2982 954 3028 ure
982 2982 1018 3028 ae
1047 2982 1126 3029 uoee
1153 2964 1294 3047 eorporis
1316 2965 1440 3047 profert

296 3069 382 3152 quod
400 3069 551 3154 confingit
567 3071 600 3133 in
618 3070 768 3154 aliquem,
784 3070 840 3134 aed
860 3070 955 3135 etiam
970 3070 1089 3135 tacitus
1104 3070 1201 3136 talem
1217 3070 1292 3135 nult
1304 3069 1387 3135 eradi
1400 3106 1439 3115 -

296 3176 380 3259 quod
404 3181 454 3240 est
475 3177 587 3259 utique
611 3196 664 3241 ore
688 3176 791 3242 cerdis
816 3176 980 3241 detrahere
1003 3178 1151 3260 —quod
1175 3177 1254 3244 dieit
1277 3176 1439 3243 obscurum
1457 3190 1481 3229 ¹⁵

295 3288 328 3348 et
350 3285 515 3348 oecultum
538 3284 597 3349 dee
621 3302 691 3349 esee
714 3302 777 3347 non
800 3302 906 3366 posse.
1550 3266 1551 3325 i

340 3392 394 3455 34.
417 3388 499 3455 Nam
527 3390 614 3473 qnod
641 3390 702 3455 alio
729 3390 801 3456 loeo
831 3390 1073 3473 scriptumest:
1101 3390 1186 3455 noli
1209 3390 1319 3455 nelle
1346 3408 1438 3453 men·
1550 3402 1551 3407 ’

387 3651 420 3707 17
440 3652 501 3721 Sap.
523 3652 547 3717 1,
569 3652 599 3707 11
656 3652 692 3707 20
711 3653 773 3723 Sap.
796 3652 874 3717 1,10
928 3650 1164 3717 eracemum

330 3794 395 3847 aas
414 3809 467 3847 om.
487 3792 538 3849 SF
579 3794 726 3863 «inputat
772 3792 957 3862 tprocedunt
975 3792 1089 3849 sunta
1104 3790 1255 3863 procedent
1269 3792 1299 3846 E
1341 3792 1435 3859 tque·

293 3882 488 3953 inqninaturp
593 3886 684 3937 autern
703 3898 755 3938 om.
774 3882 838 3936 MR
924 3880 1219 3953 labrordirrimump
1299 3881 1329 3936 11
1347 3892 1435 3950 perpe·

293 3974 397 4039 trenel
451 3971 484 4025 12
503 3972 691 4042 φιοωρίαιηγ
763 3972 914 4039 fateaturp
961 3962 996 4026 13'
1013 3970 1048 4025 ad
1065 3970 1094 4027 R
1150 3972 1183 4026 14
1201 3972 1290 4043 hosp
1349 3971 1379 4024 15
1395 3970 1434 4019 a·

294 4059 417 4129 eitump
500 4061 533 4114 16
552 4060 681 4115 interiore
700 4076 789 4131 omns
872 4062 905 4115 17
925 4064 1016 4115 antem
1034 4076 1086 4116 om.
1105 4058 1137 4114 F
1204 4059 1238 4114 18
1257 4058 1361 4115 occidet
1376 4052 1433 4109 rffl

293 4148 376 4202 etiam
394 4149 488 4218 petest
505 4153 518 4215 β
535 4151 629 4218 potest
648 4148 731 4202 etiam
748 4146 871 4221 2111γ11η
946 4149 979 4203 19
998 4148 1070 4203 enim
1088 4147 1129 4201 W
1202 4147 1292 4203 dicere
1311 4148 1343 4202 de
1359 4146 1433 4209 ille-5

292 4236 417 4306 propriae
435 4236 473 4291 M
541 4236 577 4292 20
596 4236 764 4309 detreiturp
850 4238 884 4291 22
902 4236 1013 4307 linguae
1032 4236 1135 4308 percita
1152 4236 1221 4291 Eud
1309 4234 1431 4308 partiter

291 4324 514 4380 maleuolentiem
532 4324 598 4381 Etd
651 4326 686 4380 23
706 4326 850 4395 quiequam
869 4326 1002 4397 Mum
1058 4326 1093 4381 24
1110 4324 1192 4397 lingit
1211 4324 1241 4377 F
