3109 4959
468 401 509 456 de
538 418 653 472 opere
680 401 949 456 monachorum
1212 403 1276 467 545

128 599 346 682 pedimentum
371 597 460 662 daret
482 595 648 680 euangelio
673 595 802 661 Christi.
828 596 905 680 quid
928 600 1036 674 restat,
1056 600 1093 661 ut
1114 596 1280 682 intellega·

22 753 27 774 ,
128 725 201 770 mus
225 723 297 770 cum
322 708 485 788 operatum
510 722 589 780 esse,
613 703 696 768 unde
721 703 845 767 uictum
868 703 1008 779 haberet,
1031 703 1092 768 nisi
1116 704 1282 787 corporale

128 831 210 894 opus
244 811 461 893 corporalibus
495 815 528 874 et
559 809 742 874 uisibilibus
774 810 922 874 manibus
951 810 1040 875 suis?
1081 829 1154 874 nam
1182 810 1211 874 si
1238 810 1277 874 de

128 918 266 1000 spiritali
299 937 391 1000 opere
424 916 547 982 uictum
581 920 614 982 et
640 919 863 1000 tegumentum
891 921 1065 999 quaereret,
1092 917 1126 982 id
1153 921 1213 994 est,
1242 921 1285 982 ut

97 1051 109 1088 s
129 1026 169 1089 ab
194 1025 239 1088 eis
263 1024 340 1088 haec
365 1023 532 1105 acciperet,
555 1041 635 1106 quos
658 1023 690 1086 in
715 1023 880 1106 euangelio
906 1022 1101 1102 aedificabat,
1126 1042 1187 1087 non
1206 1042 1281 1088 conr

128 1134 300 1213 sequenter
319 1130 450 1194 diceret:
476 1130 511 1194 si
535 1129 604 1194 alii
628 1129 836 1212 potestatis
859 1133 1011 1193 uestrae
1035 1129 1277 1213 participant,

128 1257 200 1302 non
235 1236 354 1319 magis
388 1239 474 1302 uos?
516 1236 581 1301 sed
614 1255 683 1300 non
717 1255 847 1300 sumus
881 1235 940 1300 usi
972 1236 1040 1300 hac
1071 1240 1277 1320 potestate,

129 1343 195 1408 sed
226 1343 348 1406 omnia
377 1341 595 1419 toleramus,
624 1361 666 1406 ue
694 1341 793 1424 quod
819 1341 1118 1424 inpedimentum
1148 1341 1278 1406 demus

129 1450 333 1532 euangelio
358 1448 510 1514 Christi.
549 1468 611 1530 qua
638 1451 797 1530 potestate
826 1468 860 1512 se
890 1448 968 1512 dicit
994 1469 1056 1514 aon
1084 1469 1189 1527 usum,
1217 1449 1278 1514 nisi

84 1575 227 1638 mquam
256 1555 393 1619 habebat
420 1555 451 1618 in
481 1573 533 1618 eos
559 1573 577 1618 a
600 1555 726 1620 domiuo
755 1561 929 1637 acceptam,
953 1559 1121 1621 uteorum
1145 1556 1281 1621 carnalia

128 1664 266 1726 meteret
294 1661 333 1724 ad
361 1662 482 1725 uictum
508 1661 594 1726 uitae
617 1661 723 1740 huius,
748 1681 829 1744 quae
852 1663 883 1728 in
913 1681 1005 1728 carne
1032 1663 1159 1746 agitur?
1187 1662 1279 1727 cuius

128 1769 301 1852 potestatis
338 1768 509 1851 participes
547 1771 635 1832 erant
672 1768 766 1832 etiam
805 1769 869 1844 alii,
906 1768 962 1852 qui
999 1789 1061 1834 non
1094 1769 1140 1834 eis
1178 1770 1279 1853 primo

129 1874 334 1958 euangelium
359 1874 633 1951 adnuntiaueruut,
654 1873 709 1938 sed
733 1873 773 1938 ad
797 1892 905 1938 eorum
929 1876 1096 1940 ecelesiam
1119 1875 1151 1938 id
1174 1876 1279 1958 ipsam

127 1981 349 2066 praedicantes
386 1985 497 2063 postea
534 1983 699 2044 uenerunt.
741 1979 812 2044 ideo
851 2000 922 2045 cum
961 1981 1106 2046 dixisset:
1144 1982 1176 2045 si
1213 2001 1279 2045 noa

80 2117 107 2158 15
128 2087 244 2152 nobis
269 2085 463 2168 spiritalia
483 2086 767 2164 seminauimus,
791 2105 965 2170 magnum
985 2090 1043 2152 est
1062 2087 1093 2151 si
1113 2075 1281 2152 carnalia

127 2197 266 2260 uestra
299 2195 507 2258 metamus?
536 2191 688 2257 subiecit:
722 2192 753 2256 si
788 2193 855 2258 alii
887 2194 1095 2274 potestatis
1127 2198 1280 2258 nestrae

129 2299 472 2384 participantum
498 2299 615 2380 magis
640 2302 727 2362 nos?
765 2301 893 2363 etcum
919 2299 1178 2380 demonstrasset,
1203 2300 1281 2383 quid

128 2409 180 2472 eis
208 2405 378 2489 potestatis
402 2408 498 2482 esset,
524 2404 587 2471 sed
611 2424 680 2470 non
706 2423 835 2470 sumus
858 2407 928 2483 usi,
952 2406 1065 2488 inquit,
1090 2408 1157 2471 hac
1180 2410 1281 2488 potc-

128 2517 244 2585 state,
278 2511 342 2577 sed
376 2511 500 2576 omnia
531 2511 750 2587 toleramus,
780 2531 823 2575 ne
852 2513 949 2594 quod
981 2513 1280 2596 inpedimentum

79 2651 106 2688 ρο
129 2619 263 2682 demus
293 2617 493 2701 euangelio
523 2617 679 2683 Christi.
723 2618 830 2682 dicant
857 2639 931 2702 ergo
959 2619 1026 2702 isti,
1054 2619 1213 2702 quomodo
1241 2619 1281 2683 de

128 2744 227 2808 opere
251 2723 386 2806 spiritali
410 2724 565 2788 carnalem
591 2724 712 2788 uictum
732 2725 869 2789 habebat
887 2726 1062 2807 apostolus,
1083 2745 1154 2790 curn
1175 2729 1281 2807 aperte

127 2832 202 2914 ipse
232 2830 317 2895 dicat
344 2849 404 2894 non
434 2848 468 2894 se
496 2850 592 2896 usum
620 2849 690 2895 esso
719 2831 777 2894 hac
807 2835 977 2912 potestate.
1014 2835 1047 2896 at
1075 2832 1102 2896 si
1126 2833 1164 2896 de
1189 2851 1281 2914 opere

224 3091 272 3145 61
293 3091 352 3146 Cor.
372 3092 398 3152 9,
420 3092 452 3144 12
509 3089 573 3146 141
593 3090 653 3147 Cor.
673 3093 698 3154 9,
720 3093 750 3146 ll
809 3092 842 3145 18
861 3091 875 3144 I
894 3091 955 3147 Cor.
974 3092 999 3155 9,
1020 3093 1053 3145 12

167 3236 264 3288 deum
286 3234 437 3302 operatum]
459 3237 632 3301 cooperatum
650 3233 705 3286 LO
758 3233 843 3287 fuisse
863 3235 889 3286 A
931 3233 1281 3305 5hocPVDM7,cm.A

126 3321 314 3378 aedificabant
331 3321 389 3374 PV
458 3320 597 3376 ddiceret
615 3321 717 3375 om.V
787 3322 1049 3392 alii-participant]
1068 3323 1115 3376 alii
1134 3337 1281 3391 supernos

126 3414 298 3482 potestatem
317 3410 421 3462 habent
439 3409 668 3480 quarePVDMp
728 3412 861 3480 potestati
874 3411 902 3464 Il
938 3413 953 3464 1
968 3413 1029 3480 nos}
1045 3410 1140 3464 uosN
1190 3426 1281 3464 snmus

125 3517 218 3570 emp
292 3515 388 3567 ususr
443 3486 524 3568 tir—pi
544 3499 686 3567 euangelio
705 3499 737 3552 N
808 3516 837 3552 se
856 3515 907 3553 om.
925 3519 941 3570 γ
994 3501 1196 3568 inacceptum]
1217 3516 1281 3552 con·

125 3591 291 3658 stitutamp
366 3588 400 3640 12
418 3589 555 3656 potestate
573 3587 610 3640 M
682 3588 741 3650 aliis
760 3607 775 3657 γ
796 3588 881 3658 aliqui
899 3589 931 3640 N
1003 3589 1037 3642 13
1055 3589 1283 3642 annuntiauerant

124 3677 224 3733 PVM
245 3676 476 3730 annuntiauerunt
502 3675 524 3728 0
630 3677 669 3744 id]
695 3675 730 3728 ad
758 3677 811 3730 VD
903 3680 935 3731 14
964 3680 1093 3731 uenerant
1119 3676 1281 3745 PVDMAp

127 3769 165 3822 15
185 3766 349 3818 seminamus
369 3765 396 3816 P
496 3767 588 3817 uestra
608 3764 726 3818 camalia
744 3765 876 3836 Pastas
970 3767 1002 3820 16
1022 3766 1045 3819 si
1066 3765 1113 3818 alii
1132 3781 1281 3834 supernos

124 3857 297 3926 potestatam
317 3853 420 3906 habeut
439 3869 521 3922 quare
540 3870 594 3906 non
613 3869 669 3921 sqq.
689 3853 824 3924 PVDMp
906 3855 1039 3923 potestati
1057 3855 1084 3906 B
1176 3855 1208 3906 17
1228 3870 1280 3906 non

123 3942 229 4012 magis]
251 3947 351 4010 quanto
371 3943 458 4010 magis
478 3942 505 3994 A
578 3942 777 3995 demonstraret
795 3944 823 3996 B
896 3943 972 4013 quid]
993 3945 1040 4012 qui
1058 3942 1151 3995 PVM
1167 3943 1238 4011 quod
1254 3943 1281 3996 A

126 4033 165 4088 18
185 4033 211 4085 ei
233 4030 447 4100 OLOF¹ABN7
468 4030 524 4083 eius
539 4030 614 4084 MF²
669 4031 751 4099 esset]
772 4033 1000 4100 participarentur
1018 4031 1281 4102 solimannum-s

123 4135 274 4174 sumanus
296 4117 487 4173 CLOFABN
539 4119 580 4170 usi
594 4123 660 4186 post
679 4121 817 4186 potestate
838 4121 885 4188 lep.
904 4120 936 4172 in
954 4119 992 4172 M
1025 4121 1060 4173 20
1079 4135 1143 4186 erpo
1163 4118 1283 4172 nuncM

122 4211 164 4264 22
184 4209 242 4277 ipse
262 4223 313 4263 cm.
334 4205 366 4260 N
422 4223 450 4258 se
470 4223 521 4260 om.
541 4208 567 4258 Α
629 4223 690 4258 usus
710 4223 768 4259 sum
788 4209 816 4260 A
835 4225 893 4260 esse
913 4225 991 4262 usum
1009 4207 1144 4275 PVDMT
1203 4211 1280 4276 pote·

123 4301 203 4354 state
223 4295 270 4350 sed
290 4295 381 4349 omnia
398 4295 545 4348 toleramus
565 4295 597 4346 dd
672 4296 710 4364 at]
732 4313 763 4349 ac
782 4297 879 4365 PVAp

159 4423 253 4464 xxxxi
269 4423 329 4472 nug.
346 4421 406 4466 sest.
422 4423 439 4462 v
454 4431 506 4471 par·
521 4423 564 4462 nr.
1211 4403 1245 4455 35
