3109 4959
574 440 616 496 de
644 440 846 495 mendacin
1217 444 1279 507 461

131 639 255 723 petitur
276 636 432 721 pudicitia
454 637 594 718 corporis
617 636 726 712 nestri,
745 654 804 703 nec
822 636 891 717 ipse
910 635 1033 701 enimse
1051 654 1165 702 ¹seusus
1186 640 1283 701 extre·

132 764 218 823 mus,
251 744 306 827 qui
333 761 430 809 »cerne
461 743 634 826 inplicatus
661 747 720 821 est,
748 742 855 826 alique
877 742 1091 809 delectatione
1118 745 1281 827 turpatum

132 852 163 917 si
194 854 304 916 entem
333 852 395 915 hoc
425 868 487 915 non
519 850 636 931 potest,
666 848 722 913 uel
752 848 870 913 mentis
903 848 935 915 in
968 868 1028 915 non
1058 847 1282 914 consentiendo

131 958 267 1023 castitas
290 959 505 1022 consereretur.
529 954 738 1020 custodienda
760 958 810 1021 est
828 959 935 1021 nutem
954 956 986 1021 in
1005 956 1101 1021 animi
1123 955 1283 1029 castitate,

95 1088 112 1127 s
132 1065 220 1148 qnod
238 1064 279 1129 sd
291 1063 497 1128 dilectionem
515 1062 649 1147 proximi
661 1062 810 1146 pertinet,
824 1062 1003 1129 innocentia
1016 1067 1049 1127 et
1061 1060 1284 1139 beniuolentia,

131 1171 220 1255 qnod
247 1174 356 1236 antem
384 1170 423 1235 nd
451 1170 512 1249 dei,
539 1170 654 1252 pietas.
688 1170 871 1235 innocentie
899 1174 958 1247 est
987 1189 1047 1253 qun
1080 1168 1160 1235 nulli
1190 1187 1283 1233 noce-

129 1298 220 1355 mnn3
243 1277 470 1356 beniuolentia,
494 1295 557 1359 que
574 1278 670 1341 etiem
686 1295 870 1359 prosumus,
890 1277 942 1341 cui
960 1294 1148 1359 pessumum
1168 1275 1281 1358 pietas,

132 1403 198 1467 qne
225 1384 363 1449 colimus
390 1384 495 1449 deum.
522 1384 643 1448 uenus
671 1387 777 1448 antem
805 1383 975 1463 doetrinae,
999 1382 1164 1465 religionis
1187 1385 1283 1465 etque

130 1491 262 1575 pietatis
276 1490 402 1556 nonnisi
415 1488 579 1555 mendacio
592 1489 742 1566 uiolatus,
753 1508 826 1555 cum
839 1490 910 1573 ipse
924 1508 1051 1554 summe
1059 1492 1156 1569 atque
1169 1488 1281 1555 intime

86 1622 113 1660 ιο
136 1598 266 1677 neritus,
286 1597 377 1662 cuins
401 1590 536 1661 est'istn
558 1595 710 1673 doctrine,
732 1596 822 1661 nullo
846 1596 940 1661 modo
963 1596 1067 1679 possit
1090 1594 1218 1661 uioleri:
1244 1594 1283 1659 nd

133 1722 230 1787 quem
252 1704 417 1785 peruenire
441 1706 538 1785 etque
555 1702 588 1766 in
606 1701 663 1767 illa
681 1702 766 1767 omni
785 1702 878 1767 modo
898 1720 1024 1767 menore
1044 1702 1136 1784 eique
1154 1701 1283 1785 penitus

132 1809 298 1876 inhaerere
328 1828 390 1875 non
412 1809 535 1888 licebit,
556 1808 619 1873 nisi
642 1827 716 1875 cnm
744 1808 1020 1892 corruptibile
1048 1808 1122 1873 hoc
1144 1807 1284 1873 induerit

134 1916 490 1999 incorruptionem
523 1918 561 1980 et
592 1915 764 1980 mortale
792 1915 866 1980 hoc
892 1914 1031 1980 induerit
1056 1914 1283 1981 inmortali·

133 2028 271 2091 tatem.
313 2023 370 2089 sed
403 2022 477 2105 quie
508 2023 610 2087 omnis
641 2022 675 2086 in
702 2022 761 2086 hec
789 2022 857 2087 uite
883 2022 986 2105 pietas
1013 2020 1194 2085 exercitatio
1223 2024 1283 2101 eet,

83 2152 112 2192 ιε
134 2150 199 2215 qun
224 2132 258 2196 in
283 2130 374 2196 illem
401 2129 551 2208 tenditur,
576 2129 628 2193 cui
650 2128 867 2194 exercitationi
889 2128 1040 2193 ducatum
1064 2127 1194 2211 praebet
1221 2127 1285 2192 ists

134 2238 289 2315 (lontrina,
312 2254 393 2319 qnne
411 2236 559 2301 humenis
583 2234 690 2299 uerbis
713 2238 747 2299 et
769 2252 990 2317 corporeorum
1015 2236 1284 2299 sacramentorum

134 2345 311 2431 signaculis
338 2344 443 2428 ipsam
469 2343 612 2408 insinuet
637 2345 733 2425 etque
759 2342 886 2406 intimat
912 2341 1090 2419 ueritatem,
1119 2346 1285 2424 propterea

135 2456 168 2517 et
198 2451 287 2527 hoec,
320 2468 401 2534 quse
430 2469 487 2533 per
518 2450 718 2517 mendacium
747 2450 904 2532 corrumpi
930 2452 1048 2531 potest,
1076 2450 1211 2515 menime
1237 2448 1285 2513 in·

134 2560 284 2641 corrupte
319 2557 475 2622 oernenda
508 2561 569 2635 est,
602 2560 649 2636 nt,
682 2558 712 2622 si
743 2557 820 2639 qnid
851 2556 883 2621 in
916 2555 974 2621 illn
1006 2556 1152 2621 castitate
1188 2554 1284 2620 enimi

82 2688 113 2727 eo
132 2666 233 2731 fuerit
253 2664 422 2747 uiolatum,
445 2666 561 2731 hebeat
583 2665 666 2730 unde
688 2668 861 2749 reperetur.
899 2666 1047 2746 corrupte
1069 2663 1153 2728 enirn
1176 2666 1284 2727 aucto·

131 2772 229 2837 ritnte
252 2771 413 2837 doctrinae
434 2772 544 2836 nullus
567 2774 624 2836 ent
647 2760 759 2837 cursus
783 2774 840 2835 aut
861 2789 1009 2835 recursus
1034 2788 1104 2836 esse
1128 2769 1167 2834 ad
1192 2770 1284 2834 cesli-

133 2882 236 2944 tetcm
258 2879 356 2943 enimi
375 2880 494 2961 potest.

179 2986 249 3051 XX.
274 2986 328 3049 41.
352 2983 526 3050 Conficitur
553 3003 627 3069 ergo
651 3004 688 3049 er
707 2985 761 3048 his
786 2982 933 3049 omnibus
956 2981 1034 3046 haec
1058 2982 1223 3061 sententia,
1247 2984 1286 3046 ut

135 3092 347 3170 menducium,
375 3091 460 3174 qnod
485 3110 548 3155 non
574 3092 677 3156 uiolet
704 3090 878 3155 doctrinam
904 3088 1035 3172 pietatis
1057 3106 1158 3170 neque
1180 3088 1284 3171 ipsam

83 3226 114 3267 ns
133 3200 288 3283 pietatem
310 3217 411 3281 neque
430 3198 640 3265 innocentiam
659 3216 761 3280 usqne
781 3196 1037 3273 beniuolentiam,
1056 3214 1112 3278 pro
1131 3194 1285 3277 pudicitie

135 3305 277 3387 eorporis
304 3305 538 3370 admittendum
565 3305 618 3369 sit.
646 3308 679 3369 et
705 3307 820 3383 tumen,
844 3303 872 3368 si
900 3302 1069 3385 quisquam
1096 3304 1284 3384 proponeret

135 3412 200 3478 sibi
227 3413 275 3477 sic
307 3412 473 3477 emendem
504 3411 685 3491 ueritatem,
716 3430 778 3477 non
810 3412 935 3475 tentum
968 3427 1048 3491 quse
1080 3408 1113 3471 in
1146 3410 1284 3472 contem-

228 3672 262 3724 12
281 3670 316 3725 cf.
334 3670 349 3724 Ι
368 3669 427 3725 Cor.
447 3670 490 3735 15,
510 3672 544 3725 53

174 3812 296 3869 lnostri
313 3826 364 3867 om.
383 3812 446 3867 MR
509 3812 568 3882 ipsp
587 3810 623 3864 M
675 3809 845 3865 unarmed
910 3808 1096 3875 delectionet
1155 3807 1283 3861 lentem

134 3906 222 3969 οηβ
286 3901 515 3955 libenenolentin
533 3900 600 3954 End
664 3897 891 3954 lbenenolentin
910 3897 977 3967 βγϋά
1080 3896 1123 3951 eui
1141 3910 1284 3965 possumne

134 4006 188 4047 ons.
207 3989 261 4045 HF
312 3990 344 4043 11
365 3990 439 4043 omni
456 3988 548 4058 modo]
570 3988 678 4042 omnino
699 3989 727 4039 F
796 3986 923 4056 poenitus
941 3986 978 4039 M
1032 3986 1065 4039 12
1085 4000 1145 4039 cum
1164 4000 1215 4038 oro.
1235 3982 1287 4037 ΕΡ

134 4082 165 4134 in
184 4080 274 4151 hocp
366 4079 398 4133 13
417 4075 802 4146 incorruptionem—induerit
821 4091 871 4129 cnr.
891 4074 943 4129 Rs
1022 4074 1220 4143 corruptionem
1238 4069 1285 4124 Μ1

136 4171 172 4225 15
190 4169 271 4240 111ιιφ
324 4168 357 4223 16
377 4166 584 4237 corpnrehorum
598 4166 635 4219 M
651 4164 891 4235 corporemmmS
945 4163 978 4217 18
998 4162 1142 4232 eorrumpi]
1164 4177 1208 4215 cnr
1221 4158 1284 4214 MR

137 4258 172 4313 19
192 4258 280 4327 quiet
324 4256 360 4310 20
373 4258 543 4326 repeteretur
556 4254 593 4308 Μ
637 4255 669 4308 21
692 4254 821 4324 castittp
868 4254 902 4307 25
921 4251 1140 4306 beneuolentinm
1153 4246 1288 4315 RFLeod

136 4346 272 4418 pudicitia
288 4344 318 4400 R
372 4345 406 4399 26
425 4344 632 4398 ommittendum
650 4342 738 4398 Mes
808 4346 920 4411 poneret
939 4340 961 4396 S
