3109 4959
298 442 364 507 214
662 440 689 494 S.
717 439 853 494 Aureli
879 439 1094 509 Augustini

343 636 460 701 XVIII.
496 639 547 703 21.
583 636 644 703 Sed
678 635 827 718 quoniam
862 655 897 701 ex
934 636 1046 702 multis
1084 635 1198 700 animis
1234 656 1298 701 uua
1336 636 1456 701 ciuitas

298 743 406 808 sutura
429 746 479 808 est
501 744 686 809 habentium
711 742 847 809 animam
871 763 967 809 unam
992 748 1025 807 et
1047 763 1101 808 cor
1123 763 1221 808 unum
1241 744 1272 807 in
1292 742 1390 808 deum
1408 780 1457 789 —

299 870 379 931 quae
417 852 548 916 unitatis
585 854 712 915 nostrae
748 850 901 933 perfectio
938 856 1012 935 post
1048 851 1128 915 hanc
1165 850 1454 935 peregrinationem

299 958 408 1022 futura
430 963 489 1035 est,
514 958 569 1022 ubi
593 958 734 1023 omnium
759 958 970 1041 cogitationes
989 974 1048 1021 uec
1066 957 1212 1022 latebunt
1229 957 1371 1021 inuicem
1394 976 1456 1021 nec

297 1062 381 1128 iuter·
413 1084 446 1129 se
478 1064 510 1129 in
544 1065 651 1147 aliquo
684 1064 907 1147 repugnabunt
936 1100 982 1111 —-
1013 1067 1180 1147 propterea
1216 1067 1455 1128 sacramentum
1486 1086 1502 1124 a

298 1171 481 1253 nuptiarum
500 1170 652 1254 temporis
671 1172 771 1235 nostri
792 1171 839 1235 sic
858 1170 897 1235 ad
916 1190 1015 1236 unum
1034 1171 1140 1235 uirum
1159 1174 1191 1235 ot
1209 1190 1305 1235 uuam
1319 1188 1453 1235 uxorem

298 1276 462 1343 redactum
490 1281 549 1353 ost,
578 1280 615 1341 ut
643 1278 797 1342 ecclesiae
825 1276 1075 1360 dispensatorem
1102 1297 1165 1343 non
1192 1278 1289 1342 licoat
1312 1276 1454 1341 ordinari

298 1382 361 1447 nisi
389 1385 484 1449 unius
512 1384 618 1449 uxoris
647 1382 763 1447 uirum.
793 1384 878 1464 quod
906 1384 1033 1448 acutius
1056 1384 1288 1460 intellexerunt,
1315 1384 1370 1463 qui
1392 1402 1454 1446 nec

299 1508 382 1567 enm,
411 1491 465 1572 qui
494 1491 741 1555 catechumenus
770 1491 824 1554 uel
850 1509 993 1575 paganus
1022 1491 1168 1555 habuerit
1195 1492 1339 1563 alteram,
1367 1490 1454 1554 ordi·

299 1597 437 1662 nandum
462 1616 532 1663 esse
557 1602 757 1662 consuerunt.
788 1597 826 1661 do
850 1602 1047 1662 sacramento
1071 1598 1156 1662 onim
1184 1597 1300 1681 agitur,
1325 1616 1387 1661 nou
1410 1596 1454 1658 de
1474 1614 1499 1653 ro

298 1706 439 1785 peccato.
465 1722 536 1769 nam
560 1704 591 1767 in
616 1703 775 1785 baptismo
797 1706 928 1784 peccata
951 1704 1057 1766 omnia
1079 1702 1294 1768 dimittuntur.
1318 1702 1377 1767 sed
1394 1703 1452 1783 qui

299 1810 391 1875 dixit:
431 1810 465 1875 si
506 1810 716 1892 aucuperis
758 1828 933 1887 uxorem,
971 1828 1046 1873 non
1087 1809 1291 1890 peccastir
1335 1813 1374 1872 ct
1414 1810 1451 1872 si

299 1914 489 1998 nupserit
521 1916 639 2000 uirgo
673 1934 748 1981 nou
780 1918 935 1998 peccat,
969 1919 1017 1979 et:
1048 1915 1151 1998 quod
1183 1916 1276 1979 uult
1308 1913 1451 1979 faciat.

298 2042 373 2087 non
406 2024 559 2103 peccat,
593 2022 727 2097 nnbat,
763 2022 841 2086 satis
871 2021 1046 2087 declarauit
1072 2021 1201 2103 nuptias
1229 2022 1354 2085 nullum
1378 2040 1451 2085 esse

298 2132 473 2211 peccatum.
498 2134 626 2211 propter
649 2129 839 2195 sacramenti
857 2133 965 2194 autem
985 2129 1185 2194 sanctitatem
1209 2129 1296 2192 sicut
1319 2127 1450 2203 semina,
1470 2146 1496 2186 a

299 2236 425 2301 etiamsi
449 2237 675 2301 catechumena
697 2236 794 2301 luerit
812 2235 936 2313 uitiata,
955 2256 1016 2300 uon
1034 2239 1141 2317 potest
1159 2239 1234 2316 post
1251 2234 1450 2316 baptismum

298 2340 382 2405 inter
405 2341 454 2406 dei
478 2340 618 2425 uirgines
643 2341 829 2419 consecrari,
852 2341 899 2406 ita
921 2360 981 2406 non
1004 2341 1140 2405 absurde
1162 2341 1271 2406 uisum
1295 2345 1346 2405 est
1364 2359 1450 2406 cum.

298 2446 354 2529 qui
379 2447 515 2512 excessit
536 2466 668 2511 urorum
693 2464 859 2511 numerum
884 2446 1088 2531 singularem,
1112 2465 1173 2511 uon
1196 2450 1365 2529 peccatum
1391 2446 1450 2510 ali-

299 2552 383 2635 quod
407 2553 618 2627 commisisse,
643 2552 698 2617 sed
725 2572 868 2618 normam
892 2554 1049 2636 quandam
1073 2552 1262 2618 sacramenti
1290 2553 1449 2619 amisisse.

299 2679 360 2725 non
384 2658 424 2723 ad
447 2660 534 2724 uitae
555 2660 653 2725 bonae
671 2659 832 2734 meritum,
852 2659 907 2724 sed
927 2658 966 2723 ad
986 2659 1192 2724 ordinationis
1211 2660 1450 2729 ecclesiasticae
1466 2683 1492 2719 a·

300 2766 500 2849 signaculum
526 2766 747 2831 necessariam.
773 2784 809 2830 ac
832 2784 889 2848 per·
910 2766 970 2831 hoc
995 2766 1079 2831 sicut
1101 2767 1208 2847 plures
1231 2786 1346 2831 uxores
1369 2769 1448 2831 anti·

300 2890 434 2953 quorum
467 2878 592 2955 patrum
625 2871 886 2956 significanerunt
916 2872 1040 2937 futuras
1074 2874 1198 2937 nostras
1231 2892 1266 2937 er
1300 2874 1447 2939 omnibus

300 2978 449 3062 gentibus
469 2979 619 3043 ecclesias
640 2980 694 3043 uni
714 2980 784 3044 uiro
804 2978 949 3043 subditas
965 2978 1102 3057 Christo,
1122 2981 1166 3044 ita
1185 2969 1448 3047 nostcr'antistcs

390 3170 402 3223 1
424 3169 456 3223 cf.
475 3168 536 3224 Act.
555 3173 580 3233 4,
600 3171 634 3223 32
727 3170 742 3223 7
762 3169 795 3225 cf.
815 3170 828 3222 1
848 3169 916 3223 Tim.
936 3171 962 3233 3,
981 3172 1012 3234 2;
1031 3169 1085 3224 Tit.
1106 3173 1129 3233 1,
1149 3172 1166 3225 6
1254 3173 1287 3225 12
1306 3171 1321 3225 Ι
1340 3171 1401 3227 Cor.
1420 3172 1447 3233 7,

298 3260 341 3315 28.
361 3260 396 3313 36

336 3364 510 3419 lanimabus
527 3362 602 3419 ΝΗ2
679 3364 776 3419 ciuitas
795 3380 850 3417 una
867 3364 901 3417 N
969 3365 1224 3435 3peregrinatione
1242 3366 1270 3419 P
1340 3367 1447 3421 dlate·

297 3456 365 3509 bant
383 3453 422 3509 Δί
441 3452 585 3507 latebaunt
602 3454 662 3519 (sic)
683 3452 712 3505 E
791 3456 808 3507 5
826 3456 854 3505 in
873 3469 925 3507 om.
943 3453 977 3507 H
1082 3453 1221 3523 aliquare
1239 3454 1402 3525 pugnabant
1417 3456 1448 3509 D

299 3546 313 3597 7
335 3543 458 3597 audiuere
477 3542 506 3595 F
506 3541 543 3596 bd
560 3558 619 3595 esso
637 3556 658 3595 a.
679 3542 697 3595 l.
715 3544 751 3605 A.
770 3558 822 3596 om.
840 3542 872 3597 D
970 3543 987 3597 8
1005 3560 1074 3596 unna
1093 3543 1131 3597 P¹
1237 3546 1326 3598 uirum
1344 3562 1399 3601 oar.
1415 3545 1448 3599 Η

298 3633 404 3687 acutius
424 3636 448 3697 (t
465 3648 486 3685 a.
507 3631 536 3694 t.)
556 3632 584 3685 A
646 3632 663 3684 9
683 3632 891 3686 cathecumenus
912 3630 1446 3689 0¹catneeuminusls130²acatocnu

296 3738 391 3775 menus
410 3720 473 3784 (chu
487 3734 519 3773 ea
534 3719 595 3785 cho)
608 3718 634 3771 P
653 3720 836 3773 catecuminus
849 3720 1089 3792 AHDMENXp
1103 3723 1280 3776 caticuminus
1291 3721 1322 3791 γ’
1360 3724 1393 3777 10
1405 3740 1447 3775 sa-

298 3812 434 3864 cramento
448 3809 524 3879 (sas.
540 3808 608 3873 l.)P
662 3810 752 3879 agitur
766 3810 838 3863 enim
852 3810 929 3863 ADu
965 3812 997 3865 11
1013 3812 1229 3881 omniapeccata
1238 3810 1447 3865 ABDMENX
1546 3805 1547 3830 ¹

298 3900 332 3953 14
350 3894 446 3966 nubat]
468 3896 491 3949 si
509 3900 596 3951 nubat
614 3896 647 3961 (si
665 3912 687 3951 a.
707 3897 724 3953 1.
744 3914 777 3951 m.
798 3902 827 3964 2)
848 3900 883 3960 Δ,
901 3896 1212 3968 γἨῑΒΒΜΕΝΧαΜ
1296 3899 1447 3954 declarabIt

298 3994 340 4050 (ra
357 4004 378 4040 a.
399 3985 428 4051 1.)
448 3986 479 4039 K
535 3987 568 4039 15
587 3989 756 4039 sacramenta
775 3986 837 4039 DX
907 3990 1082 4042 sanctitatem
1100 4004 1151 4042 om.
1171 3988 1240 4043 P¹D
1300 3989 1334 4043 16
1352 3988 1444 4042 cathe-
1545 4039 1546 4062 ἶ

297 4090 409 4132 cumana
429 4074 498 4129 C¹P¹
518 4074 705 4128 cathecurnina
725 4072 838 4129 C²KBu
855 4078 1024 4130 catecumina
1041 4076 1272 4147 HATMXDEN
1332 4078 1365 4131 17
1385 4094 1444 4130 eum
1545 4087 1546 4116 l

296 4184 348 4222 om.
368 4163 425 4216 AD
489 4164 522 4216 18
541 4162 705 4231 singularem
724 4168 749 4227 (e
767 4181 891 4233 auprcu
909 4166 1035 4232 m.1)1²
1106 4166 1244 4236 aliquotp
1309 4168 1343 4221 19
1361 4166 1443 4219 sed—
1545 4159 1546 4166 ’

296 4254 418 4311 amisisse
436 4252 468 4307 a'u
485 4268 536 4321 usp.
554 4251 588 4305 H
654 4252 688 4306 20
708 4252 743 4305 ad
756 4253 810 4321 fia.
830 4271 881 4309 ouo.
900 4255 930 4308 E
993 4255 1025 4309 21
1046 4256 1226 4309 necessarium
1246 4255 1273 4307 B
1345 4256 1396 4309 hac
1413 4255 1446 4309 K

296 4346 331 4398 23
350 4343 422 4404 uiros
444 4340 467 4394 Ο
538 4342 638 4394 christo
658 4358 709 4395 our.
728 4342 756 4394 B
828 4348 949 4397 antestes
970 4342 1003 4395 0¹
