3109 4959
521 421 563 476 de
590 421 673 476 fide
702 426 739 476 et
766 422 954 492 operibus
1267 428 1309 489 55

155 616 266 682 zmdis
289 616 344 682 uel
368 618 547 701 symbolum
571 618 728 682 tradimus
747 618 1005 702 reddendumque
1023 620 1207 703 poscimus?
1231 622 1310 685 nihil

154 724 243 789 euim
265 724 329 789 tale
353 724 547 789 factumest
571 743 645 808 erga
667 724 751 805 illos,
776 744 856 807 quos
884 745 1047 810 perurere
1075 728 1206 793 rubrum
1230 727 1309 792 deus

154 830 195 895 ab
223 810 394 913 Aegyptiis
420 829 579 895 liberauit.
608 830 637 895 si
665 835 772 895 autem
800 834 885 896 recte
913 832 1106 917 intellegunt
1128 834 1189 898 hoc
1214 833 1309 919 signi-

154 936 245 1001 ficari
272 937 535 1020 praecedentibus
563 937 725 1021 mysteriis
754 938 792 1003 de
822 939 975 1023 sanguine
999 939 1069 1005 ouis
1093 941 1240 1023 postibus
1262 941 1308 1006 in-

116 1067 132 1104 a
154 1045 215 1110 lito
239 1047 273 1109 et
295 1044 334 1107 de
358 1044 477 1128 azymis
500 1042 694 1109 sinceritatis
718 1047 750 1108 et
772 1045 928 1121 ueritatis,
949 1065 1005 1110 cnr
1028 1065 1089 1112 non
1109 1047 1205 1111 etiam
1227 1047 1308 1111 illud

154 1153 385 1231 consequenter
424 1150 616 1236 intellegunt
653 1150 758 1233 ipsam
800 1153 838 1216 ab
874 1152 1043 1236 Aegyptiis
1077 1154 1306 1237 separationem

154 1256 335 1341 significare
364 1255 590 1323 discessionem
615 1277 634 1322 a
655 1259 808 1341 peccatis,
833 1278 928 1340 quam
956 1259 1137 1343 baptizandi
1160 1259 1308 1343 profiten-

153 1366 230 1427 tur?
255 1362 378 1427 adhoc
403 1361 486 1426 enim
508 1362 658 1445 pertinet,
683 1362 767 1445 quod
792 1382 810 1427 a
832 1364 927 1428 Petro
958 1364 1166 1429 dictumest:
1195 1365 1307 1449 agite

153 1468 469 1552 paenitentiam,
493 1470 533 1533 et
554 1468 792 1551 baptizetur
814 1471 1100 1555 unusquisque
1123 1473 1307 1537 uestrum

104 1576 194 1642 roiu
232 1575 393 1639 nornine
435 1575 588 1640 domiui
626 1577 759 1641 nostri
800 1578 895 1642 Iesu
938 1576 1106 1657 Christi,
1143 1582 1307 1659 tamquam

153 1682 290 1747 diceret:
320 1682 459 1747 recedite
491 1682 529 1746 ab
553 1684 698 1765 Aegypto
732 1686 765 1747 et
795 1702 852 1765 per
883 1702 969 1748 mare
1000 1684 1131 1749 rubrum
1163 1684 1307 1749 transite.

151 1788 239 1853 unde
263 1792 297 1853 et
318 1788 351 1853 in
370 1788 518 1871 epistula,
539 1808 619 1870 quae
639 1789 678 1853 ad
697 1789 861 1855 Hebraeos
884 1790 1079 1867 inscribitur,
1100 1810 1174 1855 cum
1197 1809 1307 1856 eorum

153 1895 210 1977 qui
235 1894 437 1976 baptizantur
459 1899 783 1959 commemorarentur
805 1896 905 1977 initia,
929 1897 1035 1979 posita
1062 1900 1112 1962 est
1133 1897 1178 1962 ibi
1201 1898 1306 1981 paeni-

152 2001 257 2066 tentia
275 2020 294 2065 a
312 2001 447 2066 mortuis
467 1998 627 2083 operibus.
646 2000 694 2065 sic
712 2001 797 2066 enim
817 2001 907 2067 dicit:
929 2003 1018 2068 ideo
1042 2004 1306 2069 remittentes

104 2135 133 2174 15
151 2107 272 2172 initii
306 2106 462 2173 Christi
495 2107 663 2171 uerbum
695 2108 734 2171 in
768 2110 1158 2175 consummationem
1182 2110 1306 2192 respi-

153 2216 322 2293 ciamus,
347 2233 421 2278 non
446 2214 596 2278 iterum
619 2214 824 2279 iacientes
844 2214 1151 2282 fundamentum
1174 2216 1305 2300 paeni-

151 2321 312 2387 tentiae
344 2339 363 2384 a
393 2319 570 2385 mortuis
604 2322 799 2403 operibus
834 2325 873 2387 et
904 2322 1007 2388 fidei
1039 2324 1077 2388 in
1110 2323 1305 2402 docmin-

151 2429 270 2493 nacri
294 2427 517 2504 doctrinae,
541 2428 817 2509 inpositionis
841 2448 1037 2508 manuum,
1061 2430 1305 2495 resurrecti-

152 2536 243 2599 onis
268 2534 391 2599 etiam
414 2538 665 2599 mortuorum
689 2536 728 2599 ot
750 2535 898 2600 iudicii
924 2538 1090 2603 aeterni.
1111 2538 1188 2601 haec
1206 2537 1306 2621 igitur

104 2659 134 2699 ao
152 2640 260 2706 omnia
277 2641 433 2723 pertinere
453 2639 493 2706 ad
509 2640 601 2705 initia
613 2642 845 2723 neophytorum
860 2643 939 2707 satis
958 2647 1128 2727 aperteque
1147 2644 1306 2726 scriptura

150 2751 300 2815 testatur.
330 2746 407 2830 quio
436 2750 486 2812 est
512 2749 619 2813 autem
644 2766 662 2811 a
685 2748 820 2812 mortuis
850 2748 998 2831 operibus
1026 2751 1220 2833 paenitentia
1243 2751 1305 2815 nisi

151 2854 190 2919 ab
214 2855 277 2931 his,
298 2873 379 2936 quae
399 2857 524 2937 oportet
542 2854 736 2933 mortificari,
755 2858 793 2919 ut
812 2855 982 2921 uiuamus?
1003 2876 1082 2938 quae
1102 2858 1130 2923 si
1150 2857 1305 2923 adulteria

149 2960 439 3043 fornicationesque
458 2980 519 3025 non
538 2965 624 3038 sunt,
645 2961 722 3044 quid
744 2960 808 3026 iarn
832 2962 915 3027 inter
938 2982 1032 3046 opera
1054 2966 1181 3029 mortua
1204 2964 1303 3029 norni-

149 3067 291 3133 uandum
324 3070 394 3131 est?
425 3067 472 3133 sio
503 3072 611 3132 autem
642 3088 704 3133 non
737 3067 858 3133 sufficit
888 3069 1044 3153 professio
1072 3071 1261 3137 recessionis
1286 3091 1305 3135 a

109 3198 133 3237 a
149 3175 282 3252 talibus,
310 3174 372 3239 uisi
406 3175 502 3241 etiarn
533 3176 661 3242 lauacro
693 3176 941 3260 regenerationis
975 3181 1090 3243 cuncta
1122 3178 1302 3261 praeterita,

239 3402 259 3455 4
278 3400 312 3455 cr.
331 3401 378 3457 nx.
398 3403 441 3468 rr,
461 3403 476 3456 r
496 3418 555 3471 sqq.
628 3400 724 3457 saco.
745 3403 770 3467 a,
790 3402 825 3457 as
881 3404 915 3457 rc
933 3404 1016 3457 neor.
1037 3405 1062 3469 s,
1084 3406 1108 3459 1.
1127 3404 1143 3457 a

186 3526 269 3579 luel
287 3542 339 3581 om.
357 3525 387 3578 P
462 3526 606 3580 simbolum
625 3524 709 3580 SMN
788 3526 926 3581 trademus
946 3526 1063 3583 SMRN
1137 3528 1302 3597 reposcimus

149 3611 406 3680 SMBNPAXpoo
422 3614 586 3683 reposcimus
604 3613 633 3668 R
735 3614 827 3668 2tale
848 3616 919 3669 enim
938 3616 996 3669 NA
1104 3616 1258 3687 3egyptiis
1275 3616 1303 3669 P

150 3707 224 3757 recte
243 3718 295 3758 ore
314 3703 343 3755 P
408 3702 538 3756 bonimio
559 3700 709 3757 OIZSMP
779 3720 848 3773 quur
865 3704 923 3758 NA
987 3704 1226 3775 idiscesrionem]
1247 3705 1302 3759 dis-

149 3792 304 3846 sensionem
326 3789 423 3857 (ιἿβΖΞ
445 3790 642 3845 ffiscensioncnr
659 3791 731 3845 A¹X
752 3790 946 3847 dissentionem
969 3792 1006 3848 ΖΙ
1132 3794 1266 3864 bapaandi
1285 3793 1301 3862 β

149 3880 367 3951 9penitentiam
389 3880 626 3950 Opoenitentinm
644 3880 672 3933 P
763 3882 796 3937 10
816 3882 919 3937 domiui
938 3883 1020 3937 deiI
1105 3884 1137 3937 12
1158 3887 1186 3937 ct
1205 3900 1256 3939 om.
1275 3884 1304 3937 P

148 3971 177 4024 in
195 3986 249 4025 om.
268 3968 409 4024 SMRBA
469 3969 585 4024 hebreos
603 3969 636 4024 N
652 3970 746 4025 ebreos
763 3970 792 4025 P
838 3972 870 4027 13
889 3972 978 4043 initio]
998 3974 1038 4027 ita
1059 3972 1126 4027 OIZ
1172 3975 1205 4028 14
1223 3972 1300 4027 ideo-

151 4076 202 4130 que
221 4059 421 4115 SMRBNPA
520 4062 554 4114 15
572 4060 652 4114 initia
669 4059 935 4129 RSMBNAcosoo
1025 4062 1056 4116 17
1078 4066 1106 4116 et
1123 4062 1186 4117 fidei
1204 4079 1257 4116 om.
1275 4062 1305 4115 P

151 4136 261 4204 saffiro
352 4148 387 4202 ro
405 4147 609 4203 inhaesuro
699 4150 734 4204 ao
756 4151 947 4219 neophitorum
968 4149 1116 4218 crumas
1139 4152 1300 4205 nostrorum

152 4237 256 4292 SRBP
272 4237 443 4291 neoffitorum
463 4238 523 4292 NA
613 4240 648 4293 22
667 4240 700 4310 si]
724 4240 761 4293 sit
778 4240 807 4296 R
898 4242 932 4296 23
951 4240 1144 4297 fornicationes
1163 4258 1232 4311 quac
1251 4240 1301 4294 SR

152 4326 214 4398 iarn]
232 4344 296 4381 nam
314 4327 348 4390 P,
368 4344 391 4381 o.
410 4326 472 4382 tS
