3109 4959
267 442 373 507 XXVI
735 440 950 495 Praelatio.

270 636 308 699 ad
334 636 427 700 sliam
451 656 581 702 menum
604 636 731 703 librario
755 655 816 701 non
837 638 1039 720 coaequalem
1058 636 1238 701 referendae
1257 640 1340 699 sunt.
1364 636 1417 700 hic

268 742 358 821 liber,
379 761 473 825 quem
493 742 716 809 Benedictinos
740 743 924 807 adhibuisse
947 743 1121 808 uerisimile
1146 748 1205 818 est,
1229 761 1301 806 cum
1326 760 1416 823 supe-

269 848 349 913 riore
383 848 466 913 haud
498 868 566 915 raro
601 850 758 926 conuenit.¹
793 849 916 933 aliquot
947 849 1100 933 genuinas
1133 849 1305 932 scripturas
1343 867 1417 912 cum

270 955 389 1037 optimo
413 959 496 1019 teste
519 974 592 1039 prae
617 974 651 1019 se
673 956 745 1020 lert.

225 1058 249 1122 F
315 1061 418 1127 Codex
437 1061 557 1145 Regius
581 1082 612 1127 n.
631 1064 718 1127 2730
743 1063 874 1127 membr.
895 1082 920 1129 s.
941 1062 971 1127 X
994 1062 1049 1127 161.
1069 1063 1201 1127 41-95
1226 1062 1417 1144 opusculum

270 1168 432 1233 continens
458 1168 495 1233 de
520 1169 639 1254 optimo
664 1169 751 1234 fonte
776 1168 965 1234 descendere
989 1168 1142 1233 dicendus
1165 1172 1225 1233 est.

227 1272 253 1337 D
316 1272 420 1339 Codex
452 1274 697 1360 Bambergeusis
734 1276 771 1340 Β.
804 1276 862 1340 ΙΠ.
898 1278 950 1340 18.
974 1295 1000 1341 6.
1024 1276 1070 1340 XI
1094 1278 1237 1340 exaratus
1270 1279 1329 1340 est.
1367 1276 1420 1339 hic

270 1382 424 1445 tractatus
447 1381 502 1446 161.
525 1384 656 1447 18-30
676 1388 822 1464 occupat.
846 1382 927 1447 liber
950 1384 1097 1464 quamuis
1117 1384 1156 1446 ab
1174 1382 1419 1465 interpolatione

270 1505 331 1550 non
366 1486 446 1551 liber
479 1488 721 1555 considerandas
755 1490 929 1571 scripturas
964 1489 1055 1553 offert
1086 1508 1189 1571 neque
1222 1498 1327 1552 tamen
1358 1487 1420 1552 etsi

271 1594 456 1676 saepissime
480 1614 498 1658 a
520 1598 609 1679 parte
632 1596 658 1660 P
683 1598 748 1659 stat
770 1615 900 1676 prorsus
923 1595 996 1660 inde
1019 1596 1153 1679 pendere
1178 1596 1332 1661 11666166
1358 1597 1418 1660 661.

271 1700 397 1764 exhibet
424 1701 507 1765 euim
535 1702 630 1766 etiam
660 1702 829 1766 lectionem
857 1702 972 1766 bonam
1000 1721 1072 1766 cum
1101 1702 1209 1767 codice
1236 1699 1266 1764 0
1290 1720 1419 1766 consen·

269 1806 410 1872 tientem.
425 1810 587 1891 praeterea
600 1808 631 1872 in
647 1827 683 1873 eo
698 1808 807 1873 insunt
824 1809 878 1873 161.
894 1809 1027 1872 30-48
1043 1809 1081 1873 16
1096 1812 1205 1873 sancta
1222 1809 1418 1891 uirginitate,

270 1912 325 1977 161.
349 1914 480 1977 48-58
505 1913 544 1977 16
567 1914 650 1978 1666
674 1913 853 1990 uiduitatis,
880 1916 987 1978 1-18
1006 1916 1045 1979 de
1063 1932 1158 1997 opere
1180 1915 1418 1979 monachorum.

269 2018 302 2082 in
326 2019 376 2083 bis
400 2038 525 2101 quoque
550 2020 713 2103 opusculis
737 2020 828 2084 bonis
852 2021 992 2084 testibus
1015 2020 1268 2086 adnumerandus
1292 2025 1353 2084 661.

226 2125 260 2189 M
318 2124 422 2190 Codex
453 2125 653 2191 Monacensis
686 2146 716 2192 6.
744 2126 850 2189 14491
885 2124 968 2209 (um.
996 2127 1125 2214 11114)
1159 2128 1289 2193 membr.
1320 2126 1350 2191 in
1383 2126 1421 2189 40

272 2230 325 2295 fol.
351 2232 412 2295 191
439 2232 778 2297 611166666166161.
805 2233 937 2297 58-78
965 2235 1156 2316 opusculum
1181 2234 1324 2299 161666
1349 2253 1420 2299 con-

273 2336 382 2423 iugali,
410 2338 464 2401 161.
491 2338 643 2403 78-107
670 2336 708 2402 16
736 2342 846 2402 666616
872 2339 1069 2421 6161611616,
1096 2341 1151 2405 161.
1177 2342 1353 2405 107-123
1382 2340 1420 2404 16

273 2444 354 2509 bono
377 2444 547 2510 uiduitatis
571 2446 706 2509 exhibet.
729 2445 761 2508 in
787 2445 934 2510 omnibus
958 2447 1121 2528 opusculis
1145 2466 1206 2513 non
1225 2468 1281 2529 per
1299 2468 1334 2513 se
1351 2448 1421 2532 ipse

274 2549 390 2632 aliquid
425 2552 512 2616 ualet
537 2552 678 2633 pendeus
706 2552 875 2616 maalmam
907 2556 1033 2635 partem
1057 2574 1076 2618 6
1103 2554 1212 2618 661166
1240 2552 1422 2620 Coloniensi

276 2658 316 2722 76
341 2660 395 2722 661
419 2656 456 2721 16
481 2658 650 2740 exemplari
673 2677 803 2739 prorsus
828 2658 996 2723 consimili.

320 2763 399 2829 Cum
424 2764 531 2829 codice
554 2764 600 2827 M
623 2762 753 2829 bilibri
776 2765 886 2829 eadem
911 2766 1067 2849 opuscula
1089 2768 1288 2834 continentes
1311 2769 1422 2833 cohae-

230 2872 343 2935 llrent
367 2870 473 2953 aliqua
492 2871 660 2935 affinitate:
686 2872 783 2937 codex
801 2872 1003 2937 Monacensis
1022 2892 1050 2936 n.
1073 2875 1179 2939 15809
1199 2872 1278 2958 (861.
1298 2894 1365 2958 666.
1387 2874 1421 2946 sl

230 2976 405 3042 Xmembr.
425 2978 455 3042 in
476 2978 511 3041 2ο
531 2978 584 3042 fol.
609 2979 670 3042 114
695 2998 720 3043 6.
739 2978 816 3056 Χ11;
842 2978 939 3043 codex
957 2978 1211 3045 vindobonensis
1231 2982 1296 3045 849
1315 3001 1341 3045 s.
1361 2982 1423 3046 XII
1554 2992 1555 3001 ’

232 3105 252 3145 o
275 3087 307 3147 61
336 3084 431 3149 codex
454 3085 682 3151 admontensis
707 3106 736 3150 n.
764 3087 828 3150 502
851 3087 927 3149 item
954 3087 994 3150 ad
1017 3105 1043 3151 6.
1066 3086 1129 3151 XII
1152 3088 1345 3153 referendus.
1383 3088 1421 3153 ab

230 3188 325 3254 Nhis
354 3191 551 3273 aliquantum
580 3192 716 3257 16611661
744 3192 841 3257 codex
863 3192 1064 3258 Monacensis
1088 3214 1118 3257 n.
1145 3194 1252 3259 17057
1276 3194 1423 3280 (Schel’d.

277 3298 332 3379 57)
355 3298 486 3361 membr.
507 3299 538 3362 in
558 3298 594 3362 2⁰
613 3299 667 3363 161.
690 3300 752 3362 110
776 3318 800 3363 6.
819 3299 881 3363 XII
904 3301 1028 3381 praeter
1050 3300 1128 3364 haec
1152 3302 1308 3383 opuscula
1326 3303 1423 3367 etiam

275 3407 447 3469 tractatum
472 3405 510 3469 de
534 3425 627 3487 opere
650 3407 877 3470 monachorum
901 3406 1125 3488 complectens.

210 3510 258 3573 ·B
322 3514 369 3577 Dc
393 3512 501 3577 codice
524 3513 676 3577 Beroensi
699 3532 728 3575 n.
752 3512 814 3575 162
835 3531 859 3575 s.
878 3510 924 3574 XI
944 3511 981 3575 61.
1005 3514 1175 3596 6661111,
1199 3514 1256 3579 ubi
1278 3515 1367 3579 litter
1405 3515 1424 3600 β

277 3618 420 3701 signatus
445 3621 504 3681 661.
1353 3646 1359 3655 ·

233 3722 258 3785 Τ
321 3724 368 3789 De
394 3723 501 3788 codice
526 3723 704 3789 Cassinensi
730 3742 758 3786 n.
784 3723 846 3785 170
871 3742 895 3787 s.
919 3722 964 3786 XI
988 3723 1061 3787 uide
1085 3723 1173 3790 infra.

323 3829 477 3895 Omnibus
506 3830 668 3895 codicibus
698 3829 889 3894 enumeratis
917 3832 1088 3905 66616161
1116 3849 1196 3911 6666
1226 3834 1424 3915 cognationis

277 3937 415 4003 rationes
443 3938 525 4003 inter
553 3956 606 4002 eos
634 3935 833 4002 intercedant
859 3936 970 4017 paucis
999 3937 1231 4004 adumbremus.
1269 3942 1364 4023 atque
1397 3941 1425 4005 si

278 4046 362 4109 bunc
390 4048 559 4110 tractatum
589 4045 691 4109 solum
717 4045 852 4125 spectes,
877 4043 957 4106 nihil
980 4043 1097 4121 obstet,
1122 4045 1291 4127 quominus
1316 4065 1425 4111 omnes

279 4172 313 4217 ex
341 4170 403 4216 666
427 4153 513 4216 16616
536 4170 680 4215 manasse
705 4150 857 4227 affirmem
890 4150 946 4215 sed
970 4152 998 4215 si
1022 4152 1095 4214 libri
1119 4151 1173 4233 661
1197 4150 1307 4217 66116
1331 4172 1426 4235 opere

279 4259 506 4323 monachorum
531 4258 597 4339 (661
621 4256 707 4321 6116
730 4256 758 4320 C
780 4260 812 4320 61
834 4257 866 4321 16
886 4256 920 4321 P
934 4257 1115 4340 praebetur)
1133 4258 1286 4323 rationem
1310 4260 1427 4325 habue-
1554 4298 1555 4307 1

278 4364 389 4441 rimus,
408 4363 464 4427 ubi
484 4361 516 4426 P
533 4383 550 4426 6
568 4360 600 4425 Ὶ0
616 4362 696 4426 16616
717 4380 732 4425 6
752 4361 909 4443 scriptura
928 4381 1017 4426 secra
1034 4363 1144 4445 petitis
1165 4362 1259 4428 ualde
1278 4363 1426 4442 discedit,
