<?xml version="1.0" encoding="UTF-8"?>
<!DOCTYPE html PUBLIC "-//W3C//DTD XHTML 1.0 Transitional//EN"
    "http://www.w3.org/TR/xhtml1/DTD/xhtml1-transitional.dtd">
<html xmlns="http://www.w3.org/1999/xhtml" xml:lang="en" lang="en">
 <head>
  <title>
</title>
<meta http-equiv="Content-Type" content="text/html;charset=utf-8" />
  <meta name='ocr-system' content='tesseract 3.04.00' />
  <meta name='ocr-capabilities' content='ocr_page ocr_carea ocr_par ocr_line ocrx_word'/>
</head>
<body>
  <div class='ocr_page' id='page_1' title='image "./corpusscriptoru18wiengoog_0581.png"; bbox 0 0 3109 4959; ppageno 0'>
   <div class='ocr_carea' id='block_1_1' title="bbox 516 415 1290 484">
    <p class='ocr_par' dir='ltr' id='par_1_1' title="bbox 516 415 1290 484">
     <span class='ocr_line' id='line_1_1' title="bbox 516 415 1290 484; baseline 0.013 -15"><span class='ocrx_word' id='word_1_1' title='bbox 516 418 655 470; x_wconf 87' lang='lat' dir='ltr'>contra</span> <span class='ocrx_word' id='word_1_2' title='bbox 682 415 922 471; x_wconf 75' lang='lat' dir='ltr'><strong>mendacium</strong></span> <span class='ocrx_word' id='word_1_3' title='bbox 1229 420 1290 484; x_wconf 86' lang='lat'>521</span> 
     </span>
    </p>
   </div>
   <div class='ocr_carea' id='block_1_2' title="bbox 90 610 1296 2507">
    <p class='ocr_par' dir='ltr' id='par_1_2' title="bbox 90 610 1296 2507">
     <span class='ocr_line' id='line_1_2' title="bbox 143 610 1295 694; baseline 0.002 -20"><span class='ocrx_word' id='word_1_4' title='bbox 143 610 243 693; x_wconf 80' lang='lat' dir='ltr'>quid?</span> <span class='ocrx_word' id='word_1_5' title='bbox 268 610 352 694; x_wconf 89' lang='lat' dir='ltr'>quod</span> <span class='ocrx_word' id='word_1_6' title='bbox 379 610 466 675; x_wconf 87' lang='lat' dir='ltr'>uitae</span> <span class='ocrx_word' id='word_1_7' title='bbox 493 610 590 675; x_wconf 88' lang='lat' dir='ltr'>huius</span> <span class='ocrx_word' id='word_1_8' title='bbox 613 610 694 675; x_wconf 86' lang='lat' dir='ltr'>talea</span> <span class='ocrx_word' id='word_1_9' title='bbox 718 615 886 690; x_wconf 84' lang='lat' dir='ltr'>amatores,</span> <span class='ocrx_word' id='word_1_10' title='bbox 910 616 948 677; x_wconf 90' lang='lat' dir='ltr'>ut</span> <span class='ocrx_word' id='word_1_11' title='bbox 970 632 1038 677; x_wconf 87' lang='lat' dir='ltr'>eam</span> <span class='ocrx_word' id='word_1_12' title='bbox 1062 634 1123 679; x_wconf 91' lang='lat' dir='ltr'>non</span> <span class='ocrx_word' id='word_1_13' title='bbox 1147 612 1295 677; x_wconf 81' lang='lat' dir='ltr'><strong>dubitent</strong></span> 
     </span>
     <span class='ocr_line' id='line_1_3' title="bbox 141 717 1293 801; baseline 0.002 -20"><span class='ocrx_word' id='word_1_14' title='bbox 141 736 335 801; x_wconf 77' lang='lat' dir='ltr'>praeponere</span> <span class='ocrx_word' id='word_1_15' title='bbox 358 717 496 793; x_wconf 83' lang='lat' dir='ltr'>ueritati,</span> <span class='ocrx_word' id='word_1_16' title='bbox 515 737 554 782; x_wconf 91' lang='lat' dir='ltr'>ne</span> <span class='ocrx_word' id='word_1_17' title='bbox 572 718 668 782; x_wconf 92' lang='lat' dir='ltr'>homo</span> <span class='ocrx_word' id='word_1_18' title='bbox 686 720 850 796; x_wconf 81' lang='lat' dir='ltr'>moriatur,</span> <span class='ocrx_word' id='word_1_19' title='bbox 869 718 967 785; x_wconf 91' lang='lat' dir='ltr'>immo</span> <span class='ocrx_word' id='word_1_20' title='bbox 986 724 1024 784; x_wconf 93' lang='lat' dir='ltr'>ut</span> <span class='ocrx_word' id='word_1_21' title='bbox 1041 721 1136 785; x_wconf 92' lang='lat' dir='ltr'>homo</span> <span class='ocrx_word' id='word_1_22' title='bbox 1156 719 1293 801; x_wconf 86' lang='lat' dir='ltr'>quaudo·</span> 
     </span>
     <span class='ocr_line' id='line_1_4' title="bbox 143 824 1293 907; baseline 0.002 -20"><span class='ocrx_word' id='word_1_23' title='bbox 143 844 207 906; x_wconf 88' lang='lat' dir='ltr'>que</span> <span class='ocrx_word' id='word_1_24' title='bbox 229 824 403 889; x_wconf 86' lang='lat' dir='ltr'>moriturus</span> <span class='ocrx_word' id='word_1_25' title='bbox 427 824 588 907; x_wconf 87' lang='lat' dir='ltr'>aliquanto</span> <span class='ocrx_word' id='word_1_26' title='bbox 613 824 715 889; x_wconf 86' lang='lat' dir='ltr'>serius</span> <span class='ocrx_word' id='word_1_27' title='bbox 739 826 903 904; x_wconf 83' lang='lat' dir='ltr'>moriatur,</span> <span class='ocrx_word' id='word_1_28' title='bbox 926 845 988 891; x_wconf 90' lang='lat' dir='ltr'>non</span> <span class='ocrx_word' id='word_1_29' title='bbox 1008 829 1132 891; x_wconf 87' lang='lat' dir='ltr'>tantum</span> <span class='ocrx_word' id='word_1_30' title='bbox 1156 826 1293 902; x_wconf 82' lang='lat' dir='ltr'>mentiri,</span> 
     </span>
     <span class='ocr_line' id='line_1_5' title="bbox 144 930 1293 1016; baseline 0.001 -21"><span class='ocrx_word' id='word_1_31' title='bbox 144 930 202 995; x_wconf 85' lang='lat' dir='ltr'>sed</span> <span class='ocrx_word' id='word_1_32' title='bbox 239 932 336 995; x_wconf 90' lang='lat' dir='ltr'>etiam</span> <span class='ocrx_word' id='word_1_33' title='bbox 371 931 509 1014; x_wconf 88' lang='lat' dir='ltr'>peierare</span> <span class='ocrx_word' id='word_1_34' title='bbox 540 950 598 998; x_wconf 88' lang='lat' dir='ltr'>nos</span> <span class='ocrx_word' id='word_1_35' title='bbox 630 932 764 997; x_wconf 79' lang='lat' dir='ltr'>uolunt?</span> <span class='ocrx_word' id='word_1_36' title='bbox 797 933 835 996; x_wconf 88' lang='lat' dir='ltr'>ut</span> <span class='ocrx_word' id='word_1_37' title='bbox 866 932 1026 1011; x_wconf 86' lang='lat' dir='ltr'>uidelicet,</span> <span class='ocrx_word' id='word_1_38' title='bbox 1059 952 1098 999; x_wconf 91' lang='lat' dir='ltr'>ne</span> <span class='ocrx_word' id='word_1_39' title='bbox 1130 932 1293 1016; x_wconf 89' lang='lat' dir='ltr'>aliquanto</span> 
     </span>
     <span class='ocr_line' id='line_1_6' title="bbox 108 1037 1294 1116; baseline 0.002 -16"><span class='ocrx_word' id='word_1_40' title='bbox 108 1061 124 1099; x_wconf 81' lang='lat' dir='ltr'>c</span> <span class='ocrx_word' id='word_1_41' title='bbox 145 1037 242 1102; x_wconf 83' lang='lat' dir='ltr'>citius</span> <span class='ocrx_word' id='word_1_42' title='bbox 270 1040 412 1102; x_wconf 85' lang='lat' dir='ltr'>transeat</span> <span class='ocrx_word' id='word_1_43' title='bbox 438 1057 521 1103; x_wconf 91' lang='lat' dir='ltr'>uana</span> <span class='ocrx_word' id='word_1_44' title='bbox 548 1040 636 1103; x_wconf 85' lang='lat' dir='ltr'>salus</span> <span class='ocrx_word' id='word_1_45' title='bbox 663 1038 812 1116; x_wconf 80' lang='lat' dir='ltr'>hominis,</span> <span class='ocrx_word' id='word_1_46' title='bbox 841 1057 953 1104; x_wconf 89' lang='lat' dir='ltr'>nomen</span> <span class='ocrx_word' id='word_1_47' title='bbox 978 1039 1098 1104; x_wconf 87' lang='lat' dir='ltr'>domini</span> <span class='ocrx_word' id='word_1_48' title='bbox 1122 1039 1172 1104; x_wconf 89' lang='lat' dir='ltr'>dai</span> <span class='ocrx_word' id='word_1_49' title='bbox 1194 1040 1294 1104; x_wconf 87' lang='lat' dir='ltr'>nostri</span> 
     </span>
     <span class='ocr_line' id='line_1_7' title="bbox 142 1144 1294 1230; baseline 0.002 -23"><span class='ocrx_word' id='word_1_50' title='bbox 142 1144 338 1227; x_wconf 86' lang='lat' dir='ltr'>accipiamus</span> <span class='ocrx_word' id='word_1_51' title='bbox 361 1145 393 1209; x_wconf 91' lang='lat' dir='ltr'>in</span> <span class='ocrx_word' id='word_1_52' title='bbox 417 1164 546 1209; x_wconf 86' lang='lat' dir='ltr'>uanum.</span> <span class='ocrx_word' id='word_1_53' title='bbox 570 1149 603 1210; x_wconf 89' lang='lat' dir='ltr'>et</span> <span class='ocrx_word' id='word_1_54' title='bbox 625 1145 754 1209; x_wconf 88' lang='lat' dir='ltr'>suntin</span> <span class='ocrx_word' id='word_1_55' title='bbox 779 1145 825 1210; x_wconf 86' lang='lat' dir='ltr'>eis</span> <span class='ocrx_word' id='word_1_56' title='bbox 850 1144 945 1224; x_wconf 87' lang='lat' dir='ltr'>docti,</span> <span class='ocrx_word' id='word_1_57' title='bbox 970 1146 1025 1228; x_wconf 89' lang='lat' dir='ltr'>qui</span> <span class='ocrx_word' id='word_1_58' title='bbox 1049 1146 1144 1211; x_wconf 85' lang='lat' dir='ltr'>etiam</span> <span class='ocrx_word' id='word_1_59' title='bbox 1167 1146 1294 1230; x_wconf 83' lang='lat' dir='ltr'>regulas</span> 
     </span>
     <span class='ocr_line' id='line_1_8' title="bbox 142 1250 1296 1336; baseline 0.002 -22"><span class='ocrx_word' id='word_1_60' title='bbox 142 1251 245 1335; x_wconf 86' lang='lat' dir='ltr'>figant</span> <span class='ocrx_word' id='word_1_61' title='bbox 261 1250 403 1333; x_wconf 87' lang='lat' dir='ltr'>finesque</span> <span class='ocrx_word' id='word_1_62' title='bbox 428 1253 632 1326; x_wconf 75' lang='lat' dir='ltr'>constituant,</span> <span class='ocrx_word' id='word_1_63' title='bbox 652 1252 777 1336; x_wconf 86' lang='lat' dir='ltr'>quando</span> <span class='ocrx_word' id='word_1_64' title='bbox 802 1252 925 1329; x_wconf 83' lang='lat' dir='ltr'>debeat,</span> <span class='ocrx_word' id='word_1_65' title='bbox 950 1251 1075 1335; x_wconf 86' lang='lat' dir='ltr'>quando</span> <span class='ocrx_word' id='word_1_66' title='bbox 1099 1272 1159 1316; x_wconf 92' lang='lat' dir='ltr'>non</span> <span class='ocrx_word' id='word_1_67' title='bbox 1183 1250 1296 1316; x_wconf 89' lang='lat' dir='ltr'>debeat</span> 
     </span>
     <span class='ocr_line' id='line_1_9' title="bbox 141 1358 1294 1441; baseline 0 -20"><span class='ocrx_word' id='word_1_68' title='bbox 141 1358 288 1439; x_wconf 86' lang='lat' dir='ltr'>peierari.</span> <span class='ocrx_word' id='word_1_69' title='bbox 308 1378 325 1425; x_wconf 90' lang='lat' dir='ltr'>o</span> <span class='ocrx_word' id='word_1_70' title='bbox 345 1358 400 1423; x_wconf 89' lang='lat' dir='ltr'>ubi</span> <span class='ocrx_word' id='word_1_71' title='bbox 419 1360 508 1436; x_wconf 85' lang='lat' dir='ltr'>estis,</span> <span class='ocrx_word' id='word_1_72' title='bbox 527 1358 631 1423; x_wconf 86' lang='lat' dir='ltr'>fontes</span> <span class='ocrx_word' id='word_1_73' title='bbox 650 1359 875 1424; x_wconf 74' lang='lat' dir='ltr'>lacrimarum?</span> <span class='ocrx_word' id='word_1_74' title='bbox 895 1362 927 1424; x_wconf 85' lang='lat' dir='ltr'>et</span> <span class='ocrx_word' id='word_1_75' title='bbox 946 1358 1021 1441; x_wconf 85' lang='lat' dir='ltr'>quid</span> <span class='ocrx_word' id='word_1_76' title='bbox 1035 1358 1212 1423; x_wconf 78' lang='lat' dir='ltr'>faciemus?</span> <span class='ocrx_word' id='word_1_77' title='bbox 1232 1376 1294 1441; x_wconf 90' lang='lat' dir='ltr'>quo</span> 
     </span>
     <span class='ocr_line' id='line_1_10' title="bbox 142 1463 1295 1541; baseline 0 -14"><span class='ocrx_word' id='word_1_78' title='bbox 142 1463 283 1528; x_wconf 79' lang='lat' dir='ltr'>ibimus?</span> <span class='ocrx_word' id='word_1_79' title='bbox 305 1466 363 1530; x_wconf 88' lang='lat' dir='ltr'>ubi</span> <span class='ocrx_word' id='word_1_80' title='bbox 390 1484 449 1530; x_wconf 88' lang='lat' dir='ltr'>nos</span> <span class='ocrx_word' id='word_1_81' title='bbox 477 1465 708 1531; x_wconf 78' lang='lat' dir='ltr'>occultabimus</span> <span class='ocrx_word' id='word_1_82' title='bbox 737 1466 775 1530; x_wconf 90' lang='lat' dir='ltr'>ab</span> <span class='ocrx_word' id='word_1_83' title='bbox 804 1465 1029 1541; x_wconf 62' lang='lat' dir='ltr'>seueritatis,</span> <span class='ocrx_word' id='word_1_84' title='bbox 1054 1465 1082 1529; x_wconf 87' lang='lat' dir='ltr'>si</span> <span class='ocrx_word' id='word_1_85' title='bbox 1105 1484 1166 1529; x_wconf 93' lang='lat' dir='ltr'>non</span> <span class='ocrx_word' id='word_1_86' title='bbox 1190 1463 1295 1529; x_wconf 90' lang='lat' dir='ltr'>solum</span> 
     </span>
     <span class='ocr_line' id='line_1_11' title="bbox 90 1570 1295 1655; baseline 0.002 -23"><span class='ocrx_word' id='word_1_87' title='bbox 90 1590 127 1632; x_wconf 83' lang='lat' dir='ltr'>ro</span> <span class='ocrx_word' id='word_1_88' title='bbox 142 1571 344 1655; x_wconf 80' lang='lat' dir='ltr'>neglegimus</span> <span class='ocrx_word' id='word_1_89' title='bbox 382 1590 494 1636; x_wconf 90' lang='lat' dir='ltr'>cauere</span> <span class='ocrx_word' id='word_1_90' title='bbox 528 1572 701 1649; x_wconf 86' lang='lat' dir='ltr'>mendacia,</span> <span class='ocrx_word' id='word_1_91' title='bbox 739 1572 796 1636; x_wconf 86' lang='lat' dir='ltr'>sod</span> <span class='ocrx_word' id='word_1_92' title='bbox 833 1571 987 1637; x_wconf 86' lang='lat' dir='ltr'>audemus</span> <span class='ocrx_word' id='word_1_93' title='bbox 1023 1572 1152 1655; x_wconf 91' lang='lat' dir='ltr'>insuper</span> <span class='ocrx_word' id='word_1_94' title='bbox 1183 1570 1295 1635; x_wconf 87' lang='lat' dir='ltr'>docere</span> 
     </span>
     <span class='ocr_line' id='line_1_12' title="bbox 142 1676 1295 1761; baseline -0.002 -20"><span class='ocrx_word' id='word_1_95' title='bbox 142 1676 303 1761; x_wconf 79' lang='lat' dir='ltr'>periuria?</span> <span class='ocrx_word' id='word_1_96' title='bbox 343 1678 483 1742; x_wconf 89' lang='lat' dir='ltr'>uiderint</span> <span class='ocrx_word' id='word_1_97' title='bbox 519 1679 603 1742; x_wconf 91' lang='lat' dir='ltr'>enim</span> <span class='ocrx_word' id='word_1_98' title='bbox 639 1682 812 1743; x_wconf 85' lang='lat' dir='ltr'>assertores</span> <span class='ocrx_word' id='word_1_99' title='bbox 852 1678 1095 1760; x_wconf 84' lang='lat' dir='ltr'>defensoresque</span> <span class='ocrx_word' id='word_1_100' title='bbox 1128 1676 1295 1752; x_wconf 82' lang='lat' dir='ltr'>mendacii,</span> 
     </span>
     <span class='ocr_line' id='line_1_13' title="bbox 144 1783 1295 1869; baseline -0.001 -22"><span class='ocrx_word' id='word_1_101' title='bbox 144 1784 238 1867; x_wconf 88' lang='lat' dir='ltr'>quale</span> <span class='ocrx_word' id='word_1_102' title='bbox 262 1804 362 1869; x_wconf 85' lang='lat' dir='ltr'>genus</span> <span class='ocrx_word' id='word_1_103' title='bbox 386 1786 440 1850; x_wconf 89' lang='lat' dir='ltr'>uel</span> <span class='ocrx_word' id='word_1_104' title='bbox 463 1785 570 1868; x_wconf 90' lang='lat' dir='ltr'>qualia</span> <span class='ocrx_word' id='word_1_105' title='bbox 593 1804 708 1869; x_wconf 84' lang='lat' dir='ltr'>genera</span> <span class='ocrx_word' id='word_1_106' title='bbox 729 1784 903 1849; x_wconf 88' lang='lat' dir='ltr'>mentiendi</span> <span class='ocrx_word' id='word_1_107' title='bbox 928 1803 981 1850; x_wconf 88' lang='lat' dir='ltr'>eos</span> <span class='ocrx_word' id='word_1_108' title='bbox 1009 1784 1182 1849; x_wconf 85' lang='lat' dir='ltr'>iustificare</span> <span class='ocrx_word' id='word_1_109' title='bbox 1211 1783 1295 1848; x_wconf 88' lang='lat' dir='ltr'>‹lele-</span> 
     </span>
     <span class='ocr_line' id='line_1_14' title="bbox 144 1889 1294 1961; baseline -0.004 -5"><span class='ocrx_word' id='word_1_110' title='bbox 144 1894 225 1956; x_wconf 86' lang='lat' dir='ltr'>ctet:</span> <span class='ocrx_word' id='word_1_111' title='bbox 254 1893 368 1956; x_wconf 89' lang='lat' dir='ltr'>saltem</span> <span class='ocrx_word' id='word_1_112' title='bbox 399 1892 432 1956; x_wconf 91' lang='lat' dir='ltr'>iu</span> <span class='ocrx_word' id='word_1_113' title='bbox 465 1892 515 1956; x_wconf 91' lang='lat' dir='ltr'>dei</span> <span class='ocrx_word' id='word_1_114' title='bbox 547 1892 636 1956; x_wconf 90' lang='lat' dir='ltr'>cultu</span> <span class='ocrx_word' id='word_1_115' title='bbox 670 1891 844 1956; x_wconf 86' lang='lat' dir='ltr'>concedant</span> <span class='ocrx_word' id='word_1_116' title='bbox 875 1909 936 1955; x_wconf 94' lang='lat' dir='ltr'>non</span> <span class='ocrx_word' id='word_1_117' title='bbox 965 1910 1035 1955; x_wconf 87' lang='lat' dir='ltr'>esse</span> <span class='ocrx_word' id='word_1_118' title='bbox 1062 1889 1294 1961; x_wconf 70' lang='lat' dir='ltr'>mentiendumr</span> 
     </span>
     <span class='ocr_line' id='line_1_15' title="bbox 144 1995 1296 2081; baseline -0.002 -20"><span class='ocrx_word' id='word_1_119' title='bbox 144 1999 262 2061; x_wconf 90' lang='lat' dir='ltr'>saltem</span> <span class='ocrx_word' id='word_1_120' title='bbox 285 2017 355 2062; x_wconf 88' lang='lat' dir='ltr'>sese</span> <span class='ocrx_word' id='word_1_121' title='bbox 379 2017 397 2063; x_wconf 91' lang='lat' dir='ltr'>a</span> <span class='ocrx_word' id='word_1_122' title='bbox 418 1998 566 2080; x_wconf 89' lang='lat' dir='ltr'>periuriis</span> <span class='ocrx_word' id='word_1_123' title='bbox 589 1997 863 2081; x_wconf 84' lang='lat' dir='ltr'>blasphemiisque</span> <span class='ocrx_word' id='word_1_124' title='bbox 887 1998 1082 2069; x_wconf 69' lang='lat' dir='ltr'>contineantr</span> <span class='ocrx_word' id='word_1_125' title='bbox 1106 1996 1220 2061; x_wconf 84' lang='lat' dir='ltr'>saltem</span> <span class='ocrx_word' id='word_1_126' title='bbox 1239 1995 1296 2059; x_wconf 88' lang='lat' dir='ltr'>ubi</span> 
     </span>
     <span class='ocr_line' id='line_1_16' title="bbox 91 2104 1295 2187; baseline -0.001 -20"><span class='ocrx_word' id='word_1_127' title='bbox 91 2126 123 2167; x_wconf 79' lang='lat' dir='ltr'>rs</span> <span class='ocrx_word' id='word_1_128' title='bbox 146 2104 199 2169; x_wconf 89' lang='lat' dir='ltr'>dei</span> <span class='ocrx_word' id='word_1_129' title='bbox 220 2124 345 2183; x_wconf 78' lang='lat' dir='ltr'>nomen,</span> <span class='ocrx_word' id='word_1_130' title='bbox 369 2106 425 2169; x_wconf 90' lang='lat' dir='ltr'>ubi</span> <span class='ocrx_word' id='word_1_131' title='bbox 448 2105 526 2170; x_wconf 83' lang='lat' dir='ltr'>deus</span> <span class='ocrx_word' id='word_1_132' title='bbox 549 2106 654 2183; x_wconf 85' lang='lat' dir='ltr'>testis,</span> <span class='ocrx_word' id='word_1_133' title='bbox 678 2106 734 2169; x_wconf 87' lang='lat' dir='ltr'>ubi</span> <span class='ocrx_word' id='word_1_134' title='bbox 754 2105 804 2169; x_wconf 84' lang='lat' dir='ltr'>dei</span> <span class='ocrx_word' id='word_1_135' title='bbox 824 2108 1054 2169; x_wconf 87' lang='lat' dir='ltr'>sacramentnm</span> <span class='ocrx_word' id='word_1_136' title='bbox 1074 2104 1295 2187; x_wconf 86' lang='lat' dir='ltr'>interponitur,</span> 
     </span>
     <span class='ocr_line' id='line_1_17' title="bbox 144 2211 1294 2296; baseline -0.001 -21"><span class='ocrx_word' id='word_1_137' title='bbox 144 2212 202 2275; x_wconf 91' lang='lat' dir='ltr'>ubi</span> <span class='ocrx_word' id='word_1_138' title='bbox 226 2212 264 2276; x_wconf 89' lang='lat' dir='ltr'>de</span> <span class='ocrx_word' id='word_1_139' title='bbox 288 2212 396 2275; x_wconf 87' lang='lat' dir='ltr'>diuina</span> <span class='ocrx_word' id='word_1_140' title='bbox 418 2211 571 2296; x_wconf 87' lang='lat' dir='ltr'>religiono</span> <span class='ocrx_word' id='word_1_141' title='bbox 594 2230 697 2277; x_wconf 92' lang='lat' dir='ltr'>sermo</span> <span class='ocrx_word' id='word_1_142' title='bbox 720 2212 877 2293; x_wconf 87' lang='lat' dir='ltr'>promitur</span> <span class='ocrx_word' id='word_1_143' title='bbox 901 2212 970 2277; x_wconf 81' lang='lat' dir='ltr'>siue</span> <span class='ocrx_word' id='word_1_144' title='bbox 994 2211 1179 2289; x_wconf 85' lang='lat' dir='ltr'>conseritur,</span> <span class='ocrx_word' id='word_1_145' title='bbox 1202 2228 1294 2275; x_wconf 90' lang='lat' dir='ltr'>nemo</span> 
     </span>
     <span class='ocr_line' id='line_1_18' title="bbox 143 2317 1295 2402; baseline 0 -21"><span class='ocrx_word' id='word_1_146' title='bbox 143 2317 331 2397; x_wconf 87' lang='lat' dir='ltr'>mentiatur,</span> <span class='ocrx_word' id='word_1_147' title='bbox 368 2336 461 2383; x_wconf 89' lang='lat' dir='ltr'>nemo</span> <span class='ocrx_word' id='word_1_148' title='bbox 492 2318 615 2395; x_wconf 84' lang='lat' dir='ltr'>laudet,</span> <span class='ocrx_word' id='word_1_149' title='bbox 648 2337 739 2383; x_wconf 90' lang='lat' dir='ltr'>nemo</span> <span class='ocrx_word' id='word_1_150' title='bbox 774 2318 888 2384; x_wconf 84' lang='lat' dir='ltr'>doceat</span> <span class='ocrx_word' id='word_1_151' title='bbox 919 2320 953 2382; x_wconf 89' lang='lat' dir='ltr'>et</span> <span class='ocrx_word' id='word_1_152' title='bbox 983 2317 1170 2402; x_wconf 87' lang='lat' dir='ltr'>praecipiat,</span> <span class='ocrx_word' id='word_1_153' title='bbox 1203 2336 1295 2381; x_wconf 90' lang='lat' dir='ltr'>nemo</span> 
     </span>
     <span class='ocr_line' id='line_1_19' title="bbox 143 2422 1296 2507; baseline 0 -20"><span class='ocrx_word' id='word_1_154' title='bbox 143 2425 268 2489; x_wconf 89' lang='lat' dir='ltr'>iustum</span> <span class='ocrx_word' id='word_1_155' title='bbox 294 2424 378 2488; x_wconf 87' lang='lat' dir='ltr'>dicat</span> <span class='ocrx_word' id='word_1_156' title='bbox 400 2442 472 2488; x_wconf 87' lang='lat' dir='ltr'>esse</span> <span class='ocrx_word' id='word_1_157' title='bbox 494 2423 708 2499; x_wconf 69' lang='lat' dir='ltr'>mendacium</span> <span class='ocrx_word' id='word_1_158' title='bbox 738 2423 777 2489; x_wconf 89' lang='lat' dir='ltr'>de</span> <span class='ocrx_word' id='word_1_159' title='bbox 803 2424 916 2488; x_wconf 86' lang='lat' dir='ltr'>ceteris</span> <span class='ocrx_word' id='word_1_160' title='bbox 944 2422 1180 2489; x_wconf 85' lang='lat' dir='ltr'>mendaciorum</span> <span class='ocrx_word' id='word_1_161' title='bbox 1204 2440 1296 2507; x_wconf 85' lang='lat' dir='ltr'>gene·</span> 
     </span>
    </p>
   </div>
   <div class='ocr_carea' id='block_1_3' title="bbox 90 2530 1301 3037">
    <p class='ocr_par' dir='ltr' id='par_1_3' title="bbox 90 2530 1301 3037">
     <span class='ocr_line' id='line_1_20' title="bbox 143 2530 1298 2615; baseline -0.002 -20"><span class='ocrx_word' id='word_1_162' title='bbox 143 2530 235 2595; x_wconf 88' lang='lat' dir='ltr'>ribus</span> <span class='ocrx_word' id='word_1_163' title='bbox 263 2530 362 2615; x_wconf 86' lang='lat' dir='ltr'>eligat</span> <span class='ocrx_word' id='word_1_164' title='bbox 385 2530 456 2608; x_wconf 85' lang='lat' dir='ltr'>sibi,</span> <span class='ocrx_word' id='word_1_165' title='bbox 482 2530 567 2614; x_wconf 85' lang='lat' dir='ltr'>quod</span> <span class='ocrx_word' id='word_1_166' title='bbox 589 2534 682 2613; x_wconf 87' lang='lat' dir='ltr'>putat</span> <span class='ocrx_word' id='word_1_167' title='bbox 705 2550 776 2595; x_wconf 89' lang='lat' dir='ltr'>esse</span> <span class='ocrx_word' id='word_1_168' title='bbox 799 2530 1008 2595; x_wconf 87' lang='lat' dir='ltr'>mitissimum</span> <span class='ocrx_word' id='word_1_169' title='bbox 1033 2533 1127 2613; x_wconf 85' lang='lat' dir='ltr'>atque</span> <span class='ocrx_word' id='word_1_170' title='bbox 1150 2530 1298 2595; x_wconf 88' lang='lat' dir='ltr'>innocen-</span> 
     </span>
     <span class='ocr_line' id='line_1_21' title="bbox 90 2636 1301 2720; baseline -0.002 -19"><span class='ocrx_word' id='word_1_171' title='bbox 90 2660 125 2701; x_wconf 67' lang='grc' dir='ltr'>ιο</span> <span class='ocrx_word' id='word_1_172' title='bbox 144 2638 309 2701; x_wconf 88' lang='lat' dir='ltr'>tissimum</span> <span class='ocrx_word' id='word_1_173' title='bbox 336 2636 510 2702; x_wconf 86' lang='lat' dir='ltr'>mentiendi</span> <span class='ocrx_word' id='word_1_174' title='bbox 537 2656 650 2720; x_wconf 84' lang='lat' dir='ltr'>genus,</span> <span class='ocrx_word' id='word_1_175' title='bbox 674 2637 727 2702; x_wconf 91' lang='lat' dir='ltr'>cui</span> <span class='ocrx_word' id='word_1_176' title='bbox 749 2638 856 2720; x_wconf 87' lang='lat' dir='ltr'>placet</span> <span class='ocrx_word' id='word_1_177' title='bbox 878 2656 947 2701; x_wconf 87' lang='lat' dir='ltr'>esse</span> <span class='ocrx_word' id='word_1_178' title='bbox 971 2636 1199 2701; x_wconf 90' lang='lat' dir='ltr'>mentiendum.</span> <span class='ocrx_word' id='word_1_179' title='bbox 1235 2636 1301 2700; x_wconf 89' lang='lat' dir='ltr'>hoc-</span> 
     </span>
     <span class='ocr_line' id='line_1_22' title="bbox 144 2742 1296 2826; baseline -0.001 -18"><span class='ocrx_word' id='word_1_180' title='bbox 144 2744 226 2821; x_wconf 86' lang='lat' dir='ltr'>acio,</span> <span class='ocrx_word' id='word_1_181' title='bbox 255 2744 340 2826; x_wconf 85' lang='lat' dir='ltr'>quod</span> <span class='ocrx_word' id='word_1_182' title='bbox 372 2744 469 2808; x_wconf 88' lang='lat' dir='ltr'>otiam</span> <span class='ocrx_word' id='word_1_183' title='bbox 502 2744 556 2826; x_wconf 92' lang='lat' dir='ltr'>qui</span> <span class='ocrx_word' id='word_1_184' title='bbox 585 2742 679 2808; x_wconf 89' lang='lat' dir='ltr'>docet</span> <span class='ocrx_word' id='word_1_185' title='bbox 706 2748 849 2826; x_wconf 87' lang='lat' dir='ltr'>oportere</span> <span class='ocrx_word' id='word_1_186' title='bbox 878 2743 1015 2821; x_wconf 83' lang='lat' dir='ltr'>mentiri,</span> <span class='ocrx_word' id='word_1_187' title='bbox 1043 2763 1157 2808; x_wconf 88' lang='lat' dir='ltr'>uerum</span> <span class='ocrx_word' id='word_1_188' title='bbox 1184 2742 1296 2807; x_wconf 87' lang='lat' dir='ltr'>docere</span> 
     </span>
     <span class='ocr_line' id='line_1_23' title="bbox 145 2848 1296 2932; baseline -0.003 -17"><span class='ocrx_word' id='word_1_189' title='bbox 145 2870 181 2915; x_wconf 88' lang='lat' dir='ltr'>se</span> <span class='ocrx_word' id='word_1_190' title='bbox 213 2852 288 2915; x_wconf 89' lang='lat' dir='ltr'>uult</span> <span class='ocrx_word' id='word_1_191' title='bbox 318 2850 431 2915; x_wconf 89' lang='lat' dir='ltr'>uideri.</span> <span class='ocrx_word' id='word_1_192' title='bbox 473 2870 545 2915; x_wconf 89' lang='lat' dir='ltr'>nam</span> <span class='ocrx_word' id='word_1_193' title='bbox 573 2850 602 2915; x_wconf 90' lang='lat' dir='ltr'>si</span> <span class='ocrx_word' id='word_1_194' title='bbox 629 2850 747 2915; x_wconf 82' lang='lat' dir='ltr'>falsum</span> <span class='ocrx_word' id='word_1_195' title='bbox 776 2856 826 2914; x_wconf 87' lang='lat' dir='ltr'>est</span> <span class='ocrx_word' id='word_1_196' title='bbox 854 2850 938 2932; x_wconf 91' lang='lat' dir='ltr'>quod</span> <span class='ocrx_word' id='word_1_197' title='bbox 967 2848 1068 2925; x_wconf 85' lang='lat' dir='ltr'>docet,</span> <span class='ocrx_word' id='word_1_198' title='bbox 1098 2848 1170 2931; x_wconf 89' lang='lat' dir='ltr'>quis</span> <span class='ocrx_word' id='word_1_199' title='bbox 1197 2848 1296 2913; x_wconf 87' lang='lat' dir='ltr'>falsae</span> 
     </span>
     <span class='ocr_line' id='line_1_24' title="bbox 144 2955 1295 3037; baseline -0.002 -16"><span class='ocrx_word' id='word_1_200' title='bbox 144 2957 229 3022; x_wconf 89' lang='lat' dir='ltr'>uelit</span> <span class='ocrx_word' id='word_1_201' title='bbox 251 2957 378 3022; x_wconf 87' lang='lat' dir='ltr'>studere</span> <span class='ocrx_word' id='word_1_202' title='bbox 402 2956 573 3037; x_wconf 86' lang='lat' dir='ltr'>doctrinae,</span> <span class='ocrx_word' id='word_1_203' title='bbox 597 2957 652 3022; x_wconf 91' lang='lat' dir='ltr'>ubi</span> <span class='ocrx_word' id='word_1_204' title='bbox 671 2961 704 3021; x_wconf 91' lang='lat' dir='ltr'>et</span> <span class='ocrx_word' id='word_1_205' title='bbox 720 2956 805 3021; x_wconf 81' lang='lat' dir='ltr'>fallit</span> <span class='ocrx_word' id='word_1_206' title='bbox 823 2956 938 3021; x_wconf 89' lang='lat' dir='ltr'>docens</span> <span class='ocrx_word' id='word_1_207' title='bbox 958 2960 990 3020; x_wconf 92' lang='lat' dir='ltr'>et</span> <span class='ocrx_word' id='word_1_208' title='bbox 1008 2955 1131 3019; x_wconf 86' lang='lat' dir='ltr'>fallitur</span> <span class='ocrx_word' id='word_1_209' title='bbox 1148 2955 1295 3019; x_wconf 75' lang='lat' dir='ltr'>discens?</span> 
     </span>
    </p>
   </div>
   <div class='ocr_carea' id='block_1_4' title="bbox 143 3162 1300 4377">
    <p class='ocr_par' dir='ltr' id='par_1_4' title="bbox 143 3162 1300 4377">
     <span class='ocr_line' id='line_1_25' title="bbox 185 3162 1297 3235; baseline -0.004 -15"><span class='ocrx_word' id='word_1_210' title='bbox 185 3165 323 3235; x_wconf 81' lang='lat' dir='ltr'>lquiriqd</span> <span class='ocrx_word' id='word_1_211' title='bbox 340 3164 390 3219; x_wconf 80' lang='lat' dir='ltr'>M¹</span> <span class='ocrx_word' id='word_1_212' title='bbox 461 3169 526 3218; x_wconf 88' lang='lat' dir='ltr'>sunt</span> <span class='ocrx_word' id='word_1_213' title='bbox 544 3166 679 3219; x_wconf 85' lang='lat' dir='ltr'>amatores</span> <span class='ocrx_word' id='word_1_214' title='bbox 703 3163 730 3217; x_wconf 99' lang='lat' dir='ltr'><strong><em>V</em></strong></span> <span class='ocrx_word' id='word_1_215' title='bbox 800 3180 904 3217; x_wconf 87' lang='lat' dir='ltr'>amores</span> <span class='ocrx_word' id='word_1_216' title='bbox 926 3162 994 3217; x_wconf 75' lang='lat' dir='ltr'>Tot</span> <span class='ocrx_word' id='word_1_217' title='bbox 1066 3162 1297 3233; x_wconf 80' lang='lat' dir='ltr'>2proponcreT</span> 
     </span>
     <span class='ocr_line' id='line_1_26' title="bbox 144 3250 1299 3321; baseline -0.004 -13"><span class='ocrx_word' id='word_1_218' title='bbox 144 3253 398 3309; x_wconf 87' lang='lat' dir='ltr'>immo-moriatur</span> <span class='ocrx_word' id='word_1_219' title='bbox 414 3270 466 3309; x_wconf 83' lang='lat' dir='ltr'>om.</span> <span class='ocrx_word' id='word_1_220' title='bbox 484 3253 541 3307; x_wconf 67' lang='grc' dir='ltr'>ΓΙ,</span> <span class='ocrx_word' id='word_1_221' title='bbox 647 3252 830 3321; x_wconf 87' lang='lat' dir='ltr'>3aliquando</span> <span class='ocrx_word' id='word_1_222' title='bbox 853 3251 963 3319; x_wconf 76' lang='lat' dir='ltr'>1¹0th</span> <span class='ocrx_word' id='word_1_223' title='bbox 1069 3250 1299 3320; x_wconf 73' lang='lat' dir='ltr'>taliquandoT</span> 
     </span>
     <span class='ocr_line' id='line_1_27' title="bbox 144 3338 1295 3409; baseline -0.005 -12"><span class='ocrx_word' id='word_1_224' title='bbox 144 3343 282 3397; x_wconf 86' lang='lat' dir='ltr'>5orninia</span> <span class='ocrx_word' id='word_1_225' title='bbox 303 3342 344 3397; x_wconf 75' lang='lat' dir='ltr'>Clo</span> <span class='ocrx_word' id='word_1_226' title='bbox 417 3342 520 3396; x_wconf 84' lang='lat' dir='ltr'>domini</span> <span class='ocrx_word' id='word_1_227' title='bbox 538 3346 618 3409; x_wconf 72' lang='grc' dir='ltr'>σηιβ</span> <span class='ocrx_word' id='word_1_228' title='bbox 690 3340 735 3395; x_wconf 86' lang='lat' dir='ltr'>dei</span> <span class='ocrx_word' id='word_1_229' title='bbox 753 3340 850 3395; x_wconf 86' lang='lat' dir='ltr'>om.V</span> <span class='ocrx_word' id='word_1_230' title='bbox 920 3340 1007 3393; x_wconf 84' lang='lat' dir='ltr'>nostri</span> <span class='ocrx_word' id='word_1_231' title='bbox 1025 3356 1077 3393; x_wconf 88' lang='lat' dir='ltr'>om.</span> <span class='ocrx_word' id='word_1_232' title='bbox 1090 3339 1160 3408; x_wconf 64' lang='lat' dir='ltr'>FLT</span> <span class='ocrx_word' id='word_1_233' title='bbox 1212 3338 1295 3392; x_wconf 80' lang='lat' dir='ltr'>&#39;ltin-</span> 
     </span>
     <span class='ocr_line' id='line_1_28' title="bbox 144 3426 1298 3503; baseline -0.005 -17"><span class='ocrx_word' id='word_1_234' title='bbox 144 3438 217 3503; x_wconf 80' lang='lat' dir='ltr'>gant</span> <span class='ocrx_word' id='word_1_235' title='bbox 238 3432 303 3499; x_wconf 69' lang='lat' dir='ltr'>Tre</span> <span class='ocrx_word' id='word_1_236' title='bbox 392 3432 548 3501; x_wconf 86' lang='lat' dir='ltr'>8peierare</span> <span class='ocrx_word' id='word_1_237' title='bbox 572 3430 664 3497; x_wconf 71' lang='lat' dir='ltr'>VaFL</span> <span class='ocrx_word' id='word_1_238' title='bbox 760 3426 897 3484; x_wconf 86' lang='lat' dir='ltr'>oom.V</span> <span class='ocrx_word' id='word_1_239' title='bbox 985 3428 1235 3483; x_wconf 85' lang='lat' dir='ltr'>9hoccultabimus</span> <span class='ocrx_word' id='word_1_240' title='bbox 1257 3426 1298 3480; x_wconf 77' lang='lat' dir='ltr'>Oh</span> 
     </span>
     <span class='ocr_line' id='line_1_29' title="bbox 145 3516 1300 3592; baseline -0.007 -15"><span class='ocrx_word' id='word_1_241' title='bbox 145 3524 182 3577; x_wconf 89' lang='lat'>10</span> <span class='ocrx_word' id='word_1_242' title='bbox 201 3521 388 3591; x_wconf 76' lang='lat' dir='ltr'>necglegimus</span> <span class='ocrx_word' id='word_1_243' title='bbox 407 3538 425 3592; x_wconf 70' lang='lat' dir='ltr'>p</span> <span class='ocrx_word' id='word_1_244' title='bbox 443 3520 641 3589; x_wconf 77' lang='lat' dir='ltr'>negglegamne</span> <span class='ocrx_word' id='word_1_245' title='bbox 663 3517 690 3572; x_wconf 94' lang='lat' dir='ltr'><strong><em>V</em></strong></span> <span class='ocrx_word' id='word_1_246' title='bbox 793 3518 913 3587; x_wconf 86' lang='lat' dir='ltr'>insuper]</span> <span class='ocrx_word' id='word_1_247' title='bbox 933 3534 1014 3587; x_wconf 89' lang='lat' dir='ltr'>super</span> <span class='ocrx_word' id='word_1_248' title='bbox 1037 3518 1062 3571; x_wconf 90' lang='lat' dir='ltr'><strong><em>V</em></strong></span> <span class='ocrx_word' id='word_1_249' title='bbox 1163 3516 1300 3571; x_wconf 84' lang='lat' dir='ltr'>dicareT</span> 
     </span>
     <span class='ocr_line' id='line_1_30' title="bbox 146 3604 1297 3680; baseline -0.006 -16"><span class='ocrx_word' id='word_1_250' title='bbox 146 3611 180 3664; x_wconf 94' lang='lat' dir='ltr'>ll</span> <span class='ocrx_word' id='word_1_251' title='bbox 200 3608 304 3680; x_wconf 77' lang='lat' dir='ltr'>peioris</span> <span class='ocrx_word' id='word_1_252' title='bbox 325 3607 523 3677; x_wconf 67' lang='lat' dir='ltr'>capererur</span> <span class='ocrx_word' id='word_1_253' title='bbox 611 3608 729 3661; x_wconf 86' lang='lat' dir='ltr'>aderunt</span> <span class='ocrx_word' id='word_1_254' title='bbox 747 3607 775 3677; x_wconf 77' lang='grc' dir='ltr'>φι</span> <span class='ocrx_word' id='word_1_255' title='bbox 868 3607 967 3660; x_wconf 85' lang='lat' dir='ltr'>etenim</span> <span class='ocrx_word' id='word_1_256' title='bbox 991 3606 1017 3659; x_wconf 84' lang='grc' dir='ltr'><em>Τ</em></span> <span class='ocrx_word' id='word_1_257' title='bbox 1100 3608 1247 3658; x_wconf 74' lang='lat' dir='ltr'>assumeres</span> <span class='ocrx_word' id='word_1_258' title='bbox 1267 3604 1297 3674; x_wconf 75' lang='lat' dir='ltr'>p¹</span> 
     </span>
     <span class='ocr_line' id='line_1_31' title="bbox 144 3694 1296 3765; baseline -0.007 -13"><span class='ocrx_word' id='word_1_259' title='bbox 144 3701 325 3753; x_wconf 85' lang='lat' dir='ltr'>assertatores</span> <span class='ocrx_word' id='word_1_260' title='bbox 344 3702 357 3765; x_wconf 83' lang='grc' dir='ltr'><strong>β</strong></span> <span class='ocrx_word' id='word_1_261' title='bbox 432 3698 465 3750; x_wconf 80' lang='lat'>12</span> <span class='ocrx_word' id='word_1_262' title='bbox 483 3697 621 3750; x_wconf 85' lang='lat' dir='ltr'>delectent</span> <span class='ocrx_word' id='word_1_263' title='bbox 643 3696 669 3749; x_wconf 84' lang='lat' dir='ltr'><em>T</em></span> <span class='ocrx_word' id='word_1_264' title='bbox 738 3697 771 3749; x_wconf 88' lang='lat'>13</span> <span class='ocrx_word' id='word_1_265' title='bbox 791 3696 888 3749; x_wconf 86' lang='lat' dir='ltr'>saltem</span> <span class='ocrx_word' id='word_1_266' title='bbox 908 3712 959 3749; x_wconf 89' lang='lat' dir='ltr'>om.</span> <span class='ocrx_word' id='word_1_267' title='bbox 984 3695 1007 3747; x_wconf 89' lang='lat' dir='ltr'><strong><em>V</em></strong></span> <span class='ocrx_word' id='word_1_268' title='bbox 1088 3694 1296 3747; x_wconf 83' lang='lat' dir='ltr'>saltem-men·</span> 
     </span>
     <span class='ocr_line' id='line_1_32' title="bbox 143 3780 1299 3857; baseline -0.007 -16"><span class='ocrx_word' id='word_1_269' title='bbox 143 3787 271 3843; x_wconf 84' lang='lat' dir='ltr'>tiendum</span> <span class='ocrx_word' id='word_1_270' title='bbox 288 3787 321 3839; x_wconf 78' lang='lat' dir='ltr'>in</span> <span class='ocrx_word' id='word_1_271' title='bbox 338 3803 388 3857; x_wconf 71' lang='lat' dir='ltr'>my.</span> <span class='ocrx_word' id='word_1_272' title='bbox 411 3786 452 3839; x_wconf 75' lang='lat' dir='ltr'>Clo</span> <span class='ocrx_word' id='word_1_273' title='bbox 523 3787 625 3840; x_wconf 87' lang='lat' dir='ltr'>cultum</span> <span class='ocrx_word' id='word_1_274' title='bbox 643 3784 698 3839; x_wconf 82' lang='lat' dir='ltr'>FL</span> <span class='ocrx_word' id='word_1_275' title='bbox 769 3784 990 3838; x_wconf 87' lang='lat' dir='ltr'>mendaciumV</span> <span class='ocrx_word' id='word_1_276' title='bbox 1080 3784 1114 3836; x_wconf 83' lang='lat'>14</span> <span class='ocrx_word' id='word_1_277' title='bbox 1132 3781 1224 3835; x_wconf 84' lang='lat' dir='ltr'>saltim</span> <span class='ocrx_word' id='word_1_278' title='bbox 1247 3780 1299 3833; x_wconf 83' lang='lat' dir='ltr'>VT</span> 
     </span>
     <span class='ocr_line' id='line_1_33' title="bbox 144 3872 1295 3947; baseline -0.006 -17"><span class='ocrx_word' id='word_1_279' title='bbox 144 3892 212 3947; x_wconf 65' lang='lat' dir='ltr'>aar</span> <span class='ocrx_word' id='word_1_280' title='bbox 281 3876 395 3945; x_wconf 88' lang='lat' dir='ltr'>peiuriia</span> <span class='ocrx_word' id='word_1_281' title='bbox 416 3876 459 3929; x_wconf 77' lang='lat' dir='ltr'>Ol</span> <span class='ocrx_word' id='word_1_282' title='bbox 530 3880 558 3929; x_wconf 85' lang='lat' dir='ltr'>et</span> <span class='ocrx_word' id='word_1_283' title='bbox 575 3874 786 3944; x_wconf 58' lang='lat' dir='ltr'>blasphemiter</span> <span class='ocrx_word' id='word_1_284' title='bbox 866 3874 899 3929; x_wconf 83' lang='lat'>15</span> <span class='ocrx_word' id='word_1_285' title='bbox 919 3873 966 3926; x_wconf 86' lang='lat' dir='ltr'>ubi</span> <span class='ocrx_word' id='word_1_286' title='bbox 981 3888 1026 3940; x_wconf 79' lang='lat' dir='ltr'>pr.</span> <span class='ocrx_word' id='word_1_287' title='bbox 1046 3888 1131 3941; x_wconf 66' lang='lat' dir='ltr'>cunr</span> <span class='ocrx_word' id='word_1_288' title='bbox 1212 3872 1295 3924; x_wconf 89' lang='lat' dir='ltr'>inter·</span> 
     </span>
     <span class='ocr_line' id='line_1_34' title="bbox 145 3958 1300 4036; baseline -0.008 -16"><span class='ocrx_word' id='word_1_289' title='bbox 145 3966 274 4036; x_wconf 81' lang='lat' dir='ltr'>ponimus</span> <span class='ocrx_word' id='word_1_290' title='bbox 296 3964 323 4017; x_wconf 91' lang='lat' dir='ltr'><strong><em>V</em></strong></span> <span class='ocrx_word' id='word_1_291' title='bbox 412 3966 445 4019; x_wconf 89' lang='lat'>16</span> <span class='ocrx_word' id='word_1_292' title='bbox 463 3963 530 4017; x_wconf 87' lang='lat' dir='ltr'>hubi</span> <span class='ocrx_word' id='word_1_293' title='bbox 551 3963 593 4017; x_wconf 75' lang='lat' dir='ltr'>Clo</span> <span class='ocrx_word' id='word_1_294' title='bbox 687 3962 904 4029; x_wconf 87' lang='lat' dir='ltr'>ubi-promitur</span> <span class='ocrx_word' id='word_1_295' title='bbox 922 3978 974 4015; x_wconf 86' lang='lat' dir='ltr'>om.</span> <span class='ocrx_word' id='word_1_296' title='bbox 993 3960 1020 4015; x_wconf 90' lang='lat' dir='ltr'><em>R</em></span> <span class='ocrx_word' id='word_1_297' title='bbox 1116 3960 1185 4029; x_wconf 87' lang='lat' dir='ltr'>siue]</span> <span class='ocrx_word' id='word_1_298' title='bbox 1206 3959 1250 4013; x_wconf 89' lang='lat' dir='ltr'>uel</span> <span class='ocrx_word' id='word_1_299' title='bbox 1273 3958 1300 4011; x_wconf 90' lang='lat' dir='ltr'><strong><em>V</em></strong></span> 
     </span>
     <span class='ocr_line' id='line_1_35' title="bbox 146 4048 1297 4119; baseline -0.008 -10"><span class='ocrx_word' id='word_1_300' title='bbox 146 4057 181 4110; x_wconf 77' lang='grc'>17</span> <span class='ocrx_word' id='word_1_301' title='bbox 201 4054 384 4119; x_wconf 75' lang='lat' dir='ltr'>mentionatnr</span> <span class='ocrx_word' id='word_1_302' title='bbox 405 4053 447 4107; x_wconf 77' lang='lat' dir='ltr'>Gt</span> <span class='ocrx_word' id='word_1_303' title='bbox 516 4052 612 4105; x_wconf 83' lang='lat' dir='ltr'>laudat</span> <span class='ocrx_word' id='word_1_304' title='bbox 634 4051 702 4105; x_wconf 73' lang='lat' dir='ltr'>Tot</span> <span class='ocrx_word' id='word_1_305' title='bbox 763 4050 797 4104; x_wconf 91' lang='grc'>18</span> <span class='ocrx_word' id='word_1_306' title='bbox 815 4049 985 4103; x_wconf 83' lang='lat' dir='ltr'>mendacium</span> <span class='ocrx_word' id='word_1_307' title='bbox 1005 4064 1062 4101; x_wconf 83' lang='lat' dir='ltr'>esse</span> <span class='ocrx_word' id='word_1_308' title='bbox 1085 4048 1153 4102; x_wconf 77' lang='lat' dir='ltr'>Tot</span> <span class='ocrx_word' id='word_1_309' title='bbox 1226 4052 1297 4101; x_wconf 87' lang='lat' dir='ltr'>cete·</span> 
     </span>
     <span class='ocr_line' id='line_1_36' title="bbox 144 4136 1298 4213; baseline -0.01 -14"><span class='ocrx_word' id='word_1_310' title='bbox 144 4162 192 4199; x_wconf 85' lang='lat' dir='ltr'>ras</span> <span class='ocrx_word' id='word_1_311' title='bbox 209 4143 248 4197; x_wconf 80' lang='lat' dir='ltr'><strong><em>M</em></strong></span> <span class='ocrx_word' id='word_1_312' title='bbox 320 4144 353 4197; x_wconf 86' lang='lat'>19</span> <span class='ocrx_word' id='word_1_313' title='bbox 371 4146 467 4213; x_wconf 83' lang='lat' dir='ltr'>putate</span> <span class='ocrx_word' id='word_1_314' title='bbox 485 4142 522 4195; x_wconf 81' lang='lat' dir='ltr'><strong><em>M</em></strong></span> <span class='ocrx_word' id='word_1_315' title='bbox 537 4146 618 4211; x_wconf 86' lang='lat' dir='ltr'>putet</span> <span class='ocrx_word' id='word_1_316' title='bbox 641 4141 681 4211; x_wconf 62' lang='lat' dir='ltr'>VT</span> <span class='ocrx_word' id='word_1_317' title='bbox 759 4156 818 4193; x_wconf 83' lang='lat' dir='ltr'>ease</span> <span class='ocrx_word' id='word_1_318' title='bbox 836 4140 868 4192; x_wconf 77' lang='lat' dir='ltr'>in</span> <span class='ocrx_word' id='word_1_319' title='bbox 885 4155 942 4193; x_wconf 82' lang='lat' dir='ltr'>ros.</span> <span class='ocrx_word' id='word_1_320' title='bbox 960 4137 998 4191; x_wconf 83' lang='lat' dir='ltr'><strong><em>M</em></strong></span> <span class='ocrx_word' id='word_1_321' title='bbox 1067 4138 1103 4192; x_wconf 84' lang='lat'>20</span> <span class='ocrx_word' id='word_1_322' title='bbox 1121 4137 1236 4192; x_wconf 86' lang='lat' dir='ltr'>mentidi</span> <span class='ocrx_word' id='word_1_323' title='bbox 1257 4136 1298 4189; x_wconf 77' lang='lat' dir='ltr'>ot</span> 
     </span>
     <span class='ocr_line' id='line_1_37' title="bbox 144 4224 1298 4298; baseline -0.01 -10"><span class='ocrx_word' id='word_1_324' title='bbox 144 4234 257 4289; x_wconf 74' lang='lat' dir='ltr'>menfiri</span> <span class='ocrx_word' id='word_1_325' title='bbox 275 4232 307 4286; x_wconf 77' lang='lat' dir='ltr'>irc</span> <span class='ocrx_word' id='word_1_326' title='bbox 323 4248 380 4287; x_wconf 83' lang='lat' dir='ltr'>ras.</span> <span class='ocrx_word' id='word_1_327' title='bbox 403 4230 429 4284; x_wconf 84' lang='grc' dir='ltr'><em>Τ</em></span> <span class='ocrx_word' id='word_1_328' title='bbox 498 4231 548 4284; x_wconf 89' lang='lat' dir='ltr'>illa</span> <span class='ocrx_word' id='word_1_329' title='bbox 566 4231 642 4298; x_wconf 68' lang='lat' dir='ltr'>cuir</span> <span class='ocrx_word' id='word_1_330' title='bbox 697 4229 730 4283; x_wconf 83' lang='lat'>21</span> <span class='ocrx_word' id='word_1_331' title='bbox 751 4228 858 4298; x_wconf 84' lang='lat' dir='ltr'>docere]</span> <span class='ocrx_word' id='word_1_332' title='bbox 879 4226 968 4283; x_wconf 85' lang='lat' dir='ltr'>(licere</span> <span class='ocrx_word' id='word_1_333' title='bbox 985 4226 1011 4279; x_wconf 84' lang='grc' dir='ltr'><em>Τ</em></span> <span class='ocrx_word' id='word_1_334' title='bbox 1063 4227 1099 4280; x_wconf 82' lang='lat'>22</span> <span class='ocrx_word' id='word_1_335' title='bbox 1118 4242 1146 4279; x_wconf 87' lang='lat' dir='ltr'>se</span> <span class='ocrx_word' id='word_1_336' title='bbox 1166 4242 1199 4279; x_wconf 75' lang='lat' dir='ltr'>ec</span> <span class='ocrx_word' id='word_1_337' title='bbox 1217 4226 1240 4277; x_wconf 86' lang='lat' dir='ltr'>si</span> <span class='ocrx_word' id='word_1_338' title='bbox 1257 4224 1298 4277; x_wconf 74' lang='lat' dir='ltr'>Clo</span> 
     </span>
     <span class='ocr_line' id='line_1_38' title="bbox 144 4320 384 4377; baseline -0.008 0"><span class='ocrx_word' id='word_1_339' title='bbox 144 4324 181 4377; x_wconf 83' lang='lat'>23</span> <span class='ocrx_word' id='word_1_340' title='bbox 201 4322 294 4376; x_wconf 83' lang='lat' dir='ltr'>dicans</span> <span class='ocrx_word' id='word_1_341' title='bbox 315 4320 384 4375; x_wconf 73' lang='lat' dir='ltr'>Tea</span> 
     </span>
    </p>
   </div>
   <div class='ocr_carea' id='block_1_5' title="bbox 0 0 1566 4959">
    <p class='ocr_par' dir='ltr' id='par_1_5' title="bbox 0 0 1566 4959">
     <span class='ocr_line' id='line_1_39' title="bbox 0 0 1566 4959; baseline 0 0"><span class='ocrx_word' id='word_1_342' title='bbox 0 0 1566 4959; x_wconf 95' lang='lat' dir='ltr'> </span> 
     </span>
    </p>
   </div>
  </div>
 </body>
</html>
