3109 4959
288 410 354 475 436
652 405 678 459 S.
707 404 842 460 Aureli
870 406 1084 475 Augustini

288 601 450 680 infirmior,
479 622 537 667 nec
563 600 714 668 innocens
737 602 859 667 inuitus
882 601 983 686 uirgis
1007 600 1185 667 caedendus
1210 606 1269 680 est,
1294 623 1333 667 ns
1356 604 1431 669 alins

289 709 460 775 occidatur.
497 709 601 792 plane,
629 708 658 773 si
685 708 797 787 uelint,
825 708 891 787 fiat,
916 708 991 790 quia
1014 726 1071 773 neo
1093 709 1273 786 laeduntur,
1296 729 1369 775 cum
1391 710 1432 775 ita

288 816 413 881 uolunt.

333 922 372 987 Χ.
405 920 469 987 Sed
499 923 607 986 utrum
642 920 738 986 etiam
769 920 909 985 uolentis
942 920 1028 985 fama
1058 919 1139 986 salso
1172 921 1276 1004 stupri
1308 922 1433 987 crimine

288 1028 441 1094 laedenda
464 1028 517 1106 sit,
541 1030 578 1093 ut
601 1027 639 1093 ah
664 1026 796 1091 alterius
816 1045 944 1110 corpore
964 1029 1110 1109 stuprum
1134 1030 1306 1105 auertatur,
1325 1048 1434 1113 magna
1460 1050 1471 1089 s

289 1134 434 1217 quaestio
472 1137 530 1201 est.
578 1138 611 1198 et
645 1133 764 1209 nescio,
798 1136 905 1197 udum
937 1132 1030 1198 facile
1061 1134 1246 1217 reperiatur,
1279 1134 1432 1217 quomodo

287 1243 411 1307 iustum
434 1241 478 1307 sit
499 1240 638 1307 nolentis
660 1241 777 1305 famam
802 1239 883 1305 falso
902 1240 1006 1323 stupri
1024 1239 1153 1304 crimine
1172 1239 1325 1305 maculari
1344 1260 1433 1323 quam

289 1350 360 1433 ipso
384 1350 495 1432 stupro
518 1365 633 1431 corpus
656 1346 759 1411 inuiti.

334 1456 387 1521 17.
411 1454 475 1520 Sed
496 1458 602 1519 tamen
627 1452 654 1516 si
677 1452 752 1517 talis
776 1452 864 1535 optio
887 1454 1115 1535 proponeretur
1138 1451 1177 1530 ei,
1202 1454 1258 1535 qui
1281 1452 1434 1518 turificare

289 1562 383 1628 idolis
412 1581 504 1645 quam
533 1559 703 1625 muliebria
728 1560 851 1643 perpeti
875 1559 1000 1637 maluit,
1023 1563 1071 1637 ut,
1095 1558 1123 1624 si
1145 1558 1228 1625 illud
1250 1560 1351 1625 uellet
1374 1561 1434 1625 eui·
1449 1582 1469 1623 a

289 1673 365 1745 tare,
395 1669 512 1733 famam
545 1666 665 1733 Christi
697 1666 804 1750 aliquo
841 1666 1004 1732 mendacio
1037 1668 1183 1746 uiolaret,
1214 1666 1433 1733 insanissimus

289 1778 385 1853 esset,
422 1774 450 1838 si
486 1774 613 1839 faceret.
659 1773 733 1856 plus
765 1773 862 1837 etiam
896 1772 977 1851 dico,
1011 1772 1087 1855 qnia
1117 1772 1247 1838 insanus
1281 1776 1377 1849 esset,
1408 1774 1433 1837 si

289 1988 375 2054 nulla
399 2006 458 2053 sua
484 1987 615 2052 libidine
642 1990 813 2071 pateretur,
835 1984 954 2052 Christi
978 1986 1179 2071 euangelium
1203 1986 1293 2051 salsis
1319 1984 1433 2051 Christi

287 2094 438 2159 laudibus
473 2093 647 2171 infalsaret,
680 2094 783 2177 magis
817 2093 941 2159 euitans
974 2092 1108 2158 alienam
1141 2093 1374 2175 corruptionem
1404 2093 1432 2157 in
1449 2114 1468 2151 c

289 2220 419 2285 corpore
443 2220 501 2265 suo
526 2218 622 2283 quam
643 2200 676 2265 in
701 2198 843 2267 doctrina
866 2199 1124 2265 sanctificationis
1143 2200 1317 2265 animarum
1342 2204 1432 2282 atque

289 2326 456 2390 corporum
475 2305 709 2390 corruptionem
727 2325 829 2371 suam.
854 2306 1058 2389 quamobrem
1077 2326 1095 2371 a
1113 2306 1256 2371 doctrina
1273 2306 1432 2391 religIonis

290 2418 384 2497 atque
411 2413 450 2479 ah
479 2414 524 2479 eis
549 2413 675 2478 omnino
701 2414 983 2492 enuntiationibus,
1007 2431 1087 2496 quae
1110 2416 1239 2497 propter
1261 2412 1432 2479 doctrinam

288 2519 451 2604 religionis
489 2520 702 2598 enuntiantur,
736 2538 809 2583 cum
842 2520 898 2585 illa
931 2518 1061 2585 docetur
1093 2524 1127 2584 et
1158 2518 1301 2597 discitur,
1335 2520 1433 2585 omnia

288 2625 417 2709 penitus
450 2625 615 2691 mendacia
644 2626 839 2691 remouenda
870 2630 957 2703 sunt;
996 2644 1054 2691 nec
1085 2626 1152 2690 ulla
1184 2626 1310 2693 omnino
1343 2644 1469 2691 canses
1545 2628 1546 2683 1

288 2732 422 2799 inueniri
449 2751 546 2815 posse
569 2732 723 2809 credatur,
748 2751 805 2797 cur
826 2732 858 2795 in
882 2732 977 2797 rebus
1001 2732 1120 2799 talibus
1143 2732 1360 2799 mentiendum
1383 2733 1432 2807 sit,

290 2838 414 2921 quando
444 2857 501 2904 nec
528 2838 600 2903 ideo
628 2838 659 2903 in
688 2857 725 2902 ea
753 2838 895 2903 doctrina
923 2837 1139 2903 mentiendum
1163 2842 1221 2917 est,
1246 2846 1283 2904 ut
1306 2839 1345 2904 ad
1368 2858 1432 2903 earn

290 2946 392 3029 ipsam
425 2944 559 3026 quisque
591 2943 718 3009 facilius
749 2944 951 3027 perducatur.
992 2944 1093 3009 fracta
1124 2945 1207 3009 enim
1240 2944 1293 3009 nel
1323 2945 1433 3011 leniter

291 3051 448 3117 diminuta
473 3050 661 3115 auctoritate
690 3050 836 3115 ueritatis
861 3050 967 3115 omnia
990 3050 1087 3115 dubia
1108 3051 1327 3117 remanebunt:
1354 3069 1431 3133 qnae

288 3158 351 3223 nisi
374 3176 450 3222 uera
473 3156 648 3235 credantur,
672 3156 773 3221 teneri
797 3160 884 3223 certa
906 3176 968 3221 non
991 3160 1137 3239 possunt.
1164 3157 1242 3225 lieet
1264 3158 1362 3243 igitur
1382 3157 1429 3221 uel
1445 3178 1466 3217 s

290 3264 454 3330 dissertori
481 3282 517 3329 ac
547 3263 736 3347 disputatori
763 3266 859 3347 atque
882 3262 1091 3347 praedicatori
1113 3282 1217 3329 rerum
1241 3270 1427 3331 aeternarum

327 3594 338 3647 1
362 3593 499 3649 cedendas
518 3600 546 3666 βγ
626 3597 643 3649 5
661 3593 780 3647 ledenda
798 3592 851 3648 RS
930 3594 946 3647 6
966 3598 1055 3649 utrum
1073 3593 1154 3647 facile
1172 3595 1322 3664 reperiatur
1338 3609 1384 3647 on.
1402 3588 1429 3644 F

289 3688 380 3751 ¹1in
399 3682 480 3757 {potio
498 3684 661 3754 (reperiatur
680 3688 742 3746 om.)
762 3682 789 3736 L
888 3683 1058 3752 repperiatur
1075 3682 1137 3737 MR
1156 3682 1280 3737 soluatur
1297 3683 1327 3735 in
1343 3694 1426 3734 com

288 3774 382 3841 optatio
399 3790 434 3826 m.
454 3771 549 3838 alhs
614 3773 713 3826 iinst'
733 3770 769 3836 F,
791 3776 822 3839 (a.
842 3773 860 3827 l.
880 3772 909 3825 at
926 3772 993 3841 tius)
1011 3770 1038 3824 L
1105 3770 1237 3825 Binaitir
1254 3771 1292 3824 M
1306 3768 1423 3833 inuitiea

292 3862 323 3914 ll
343 3862 371 3914 in
391 3861 482 3931 aliquo
502 3860 555 3915 oF
657 3861 689 3913 12
709 3859 782 3929 quod
801 3858 831 3913 F
937 3861 969 3913 14
987 3858 1102 3914 libidine
1122 3876 1204 3933 saep
1325 3858 1354 3912 15
1370 3870 1424 3910 cor·

289 3949 514 4019 remptionemS
567 3950 600 4005 16
619 3949 859 4018 significationis?
915 3950 948 4003 18
967 3952 1103 4019 atquaep
1165 3947 1314 4003 doctrinam
1332 3943 1422 3999 doctri-

289 4054 353 4091 nam
370 4038 409 4091 M
463 4039 496 4093 19
515 4038 674 4092 enuntiatur
690 4038 729 4091 M
781 4038 816 4092 20
834 4037 987 4109 ppnitnsS
1048 4036 1113 4107 nlla]
1132 4037 1210 4091 nulla
1228 4036 1274 4104 8¹3
1319 4036 1348 4089 21
1363 4030 1419 4086 uli·

289 4126 341 4180 hns
359 4126 439 4181 rebus
457 4126 489 4181 F
531 4128 565 4180 22
584 4130 642 4181 seat
657 4127 696 4181 M
711 4128 750 4181 sit
763 4125 816 4181 SF
857 4128 891 4183 23
910 4126 981 4181 uelle
1001 4126 1073 4181 niter
1086 4126 1113 4181 R
1158 4128 1193 4180 24
1212 4124 1319 4181 demota
1330 4118 1417 4177 nrm

290 4214 432 4269 deminuta
444 4214 526 4285 MRp
572 4217 607 4269 25
626 4216 770 4271 credantur
788 4232 882 4285 uerar
937 4233 989 4271 non
1009 4220 1124 4287 possunt
1142 4218 1245 4285 certer
1293 4206 1417 4279 dtetouc]

290 4320 323 4358 ac
341 4302 372 4356 F
441 4307 735 4359 aetemarum-rernrn
755 4320 806 4359 om.
824 4304 850 4375 γ’
