3109 4959
304 404 370 470 384
664 402 690 455 S.
719 400 857 454 Aureli
885 399 1106 469 Augustini

304 596 400 662 liceat
432 597 566 661 cuilibet
598 615 705 660 eorum
738 596 902 676 tamquam
929 597 1004 677 post
1030 596 1165 660 mortem
1193 595 1239 658 ita
1265 597 1345 679 post
1370 595 1455 660 forni-

306 704 463 768 catiouenr
488 702 636 788 coniungi
660 702 762 767 alteri.

351 809 409 874 ΙΙΙ.
439 811 468 876 3.
498 807 622 888 Quibus
656 809 722 872 tuis
756 807 904 872 sensibus
937 807 1147 872 consideratis
1179 808 1235 872 abs
1267 812 1303 874 te
1335 827 1454 891 quaero„

307 919 415 982 utrum
449 916 642 998 quicumque
671 913 795 978 duxerit
821 913 997 994 mulierem,
1027 932 1107 996 quae
1135 914 1204 980 uiro
1232 915 1367 1001 alligate
1393 933 1455 980 esso

309 1023 476 1098 destiterit,
502 1021 627 1086 adulter
649 1020 814 1085 habendus
839 1020 892 1084 sit.
917 1020 1002 1103 quod
1025 1020 1085 1084 tibi
1104 1021 1251 1086 existimo
1269 1042 1334 1087 non
1352 1022 1454 1088 uideri.
1477 1041 1487 1076 ε

308 1129 379 1195 ideo
405 1129 488 1194 enim
512 1128 627 1192 mulier
649 1127 819 1192 uiuente
843 1128 933 1192 uiro
956 1127 1178 1193 uocabitur·
1200 1128 1400 1208 adultera,
1425 1137 1454 1201 si

309 1236 440 1302 fuerit
473 1253 559 1298 curn
592 1233 673 1299 alio
706 1233 806 1311 uiro,
837 1233 985 1317 quoniam
1012 1233 1160 1298 mulier
1186 1235 1365 1319 alligata
1390 1241 1452 1301 ost.

310 1327 502 1424 quamdiu
517 1339 901 1416 nirsiusuiuit3boc
917 1339 1203 1404 autemuiuculum
1218 1341 1246 1404 si
1261 1341 1291 1405 ei
1307 1340 1452 1407 cumuiro

309 1449 439 1514 uiuente
468 1466 528 1513 uon
557 1450 652 1522 esset,
682 1447 749 1510 sine
779 1447 845 1511 ullo
874 1445 1010 1510 adulteri
1043 1445 1174 1512 crimino
1202 1448 1295 1513 alteri
1322 1449 1452 1513 nuberet
1533 1486 1534 1539 q

309 1554 440 1640 proinde
474 1553 501 1618 si
534 1553 665 1636 alligata
697 1557 747 1617 est
775 1553 926 1635 quamdiu
955 1553 1005 1616 uir
1032 1553 1100 1618 eius
1128 1553 1223 1630 uiuit,
1252 1553 1341 1619 nullo
1368 1554 1452 1618 modo
1467 1573 1486 1612 n
1533 1544 1534 1635 J

310 1661 372 1730 uisi
394 1661 463 1725 uiro
487 1663 612 1724 mortuo
637 1660 745 1724 soluta
768 1657 900 1723 dicenda
922 1661 973 1723 est
995 1659 1034 1723 ab
1058 1659 1119 1723 boo
1142 1659 1282 1724 uinculo.
1320 1679 1408 1743 porro
1429 1660 1451 1723 si

310 1771 413 1834 morto
431 1767 605 1831 cuiuslibet
623 1785 731 1831 eorum
750 1765 834 1828 inter
852 1765 1002 1830 maritum
1022 1768 1055 1829 et
1071 1784 1199 1830 uxorem
1219 1767 1281 1830 boc
1299 1768 1450 1832 uinculum

312 1874 449 1939 soluitur
468 1875 500 1938 et
517 1891 573 1956 pro
592 1875 693 1936 morte
713 1871 858 1936 habenda
876 1874 936 1949 est,
956 1871 1041 1935 siout
1059 1871 1150 1946 dicis,
1170 1873 1267 1937 etiam
1286 1873 1450 1948 fornicario,

310 1980 423 2063 procul
451 1979 546 2043 dubio
571 1978 631 2043 erit
654 1979 691 2043 ab
715 1979 777 2042 hoo
801 1981 834 2042 et
856 1977 971 2042 mulier
993 1979 1110 2054 soluta,
1135 1979 1259 2060 quando
1283 1981 1379 2044 fuerit
1399 1980 1451 2043 ior·
1534 1974 1535 2047 l

314 2089 426 2152 niceta.
455 2105 556 2168 nequo
581 2086 662 2150 enim
688 2084 751 2148 dici
774 2085 893 2168 poterit
916 2085 994 2149 haec
1018 2085 1148 2169 alligata
1171 2086 1251 2163 uiro,
1276 2086 1397 2170 quaudo
1418 2086 1449 2148 ab
1464 2104 1482 2142 ιε

313 2195 369 2258 illa
399 2192 496 2257 fuerit
527 2193 580 2256 uir
611 2192 748 2255 solutus.
791 2209 827 2254 ac
861 2211 916 2273 per
947 2191 1007 2257 hoc
1038 2195 1248 2275 posteaquam
1281 2191 1450 2260 fornicando

313 2301 446 2384 alligata
482 2299 551 2363 uiro
585 2317 655 2363 esso
688 2297 858 2377 destiterit,
891 2298 1038 2381 quisquis
1071 2317 1140 2362 earn
1173 2298 1309 2376 duxerit,
1341 2299 1451 2363 adulter

314 2426 375 2472 non
400 2406 469 2471 erit.
1535 2464 1536 2523 p

358 2513 431 2577 IIII.
458 2512 500 2576 Et
522 2510 607 2584 uide,
631 2529 724 2591 quam
749 2509 793 2574 sit
816 2509 999 2588 absurdum,
1024 2513 1061 2575 ut
1082 2510 1154 2576 ideo
1177 2529 1240 2576 nou
1265 2511 1310 2577 sit·
1331 2512 1450 2587 adulter,
1535 2530 1536 2579 ζ

316 2619 390 2702 quia
413 2617 504 2682 duxit
530 2617 714 2681 adulteram.
744 2616 842 2680 immo
867 2635 953 2693 uero,
977 2617 1062 2698 quod
1085 2620 1135 2681 est
1161 2619 1382 2694 monstrosius,
1401 2632 1482 2682 neco
1535 2622 1536 2645 ³

314 2726 385 2808 ipsa
414 2726 529 2790 mulier
561 2725 621 2788 erit
653 2723 807 2801 adultera,
842 2724 991 2806 quoniam
1022 2743 1084 2789 non
1113 2725 1174 2789 erit
1200 2727 1367 2808 posteriori
1391 2727 1449 2790 uiro

315 2851 393 2896 uror
414 2833 526 2908 aliena,
552 2831 607 2896 sed
632 2850 700 2897 sua.
735 2833 841 2896 soluto
866 2831 948 2894 enirn
973 2851 1028 2912 per
1050 2830 1242 2896 adulterium
1266 2833 1368 2915 priore
1388 2851 1448 2896 con·

314 2937 415 3022 iugali
437 2937 568 3002 uinculo
592 2937 782 3019 cuicumque
806 2937 869 3001 iam
893 2937 1038 3020 nupserit
1060 2938 1227 3021 coniugem
1252 2957 1313 3003 non
1335 2936 1449 3003 babenti

316 3064 376 3108 non
406 3044 548 3108 adultera
572 3063 643 3108 cum
669 3043 823 3117 adultero,
849 3045 906 3109 sed
928 3063 1004 3108 uror
1028 3045 1089 3109 erit
1110 3045 1218 3126 potius
1242 3065 1317 3110 cum
1338 3045 1447 3110 marito.

317 3150 475 3233 quomodo
495 3169 570 3234 ergo
591 3151 651 3213 erit
669 3169 796 3214 uerum:
820 3150 967 3214 mulier
986 3150 1162 3234 alligata
1181 3155 1253 3229 est,
1274 3151 1445 3233 quamdiu
1460 3163 1481 3206 u

316 3257 380 3321 nir
408 3256 496 3320 eius
525 3255 657 3320 uiuit?
696 3274 768 3320 ecce
797 3256 849 3319 uir
875 3255 944 3322 eius
973 3257 1065 3332 uiuit,
1095 3258 1169 3338 quia
1191 3277 1249 3321 nec
1274 3258 1312 3323 do
1335 3274 1446 3338 corpore

317 3362 452 3426 excessit
478 3381 536 3427 neo
564 3361 736 3427 fornicatus
766 3365 825 3440 ost,
851 3363 935 3446 quod
958 3382 1014 3445 pro
1039 3367 1140 3429 morte
1164 3365 1214 3429 uis
1238 3365 1396 3446 deputam
1420 3368 1447 3424 ot

406 3623 423 3677 6
441 3623 516 3677 Rom.
537 3625 562 3687 7,
582 3623 598 3677 3
654 3623 780 3679 7100r.
801 3625 825 3687 7,
845 3625 880 3679 39
934 3627 968 3680 25
987 3626 1001 3679 Ι
1019 3627 1080 3681 Cor.
1100 3627 1124 3689 7,
1144 3627 1179 3680 39

354 3765 500 3819 lcuilibet
518 3765 650 3820 nuberet
766 3767 870 3821 culibet
887 3767 913 3820 T
1018 3768 1121 3837 eorum]
1141 3767 1249 3822 illorum
1268 3769 1359 3830 TPbd
1376 3769 1445 3820 orni

317 3856 333 3908 2
354 3854 490 3923 coniungi]
511 3856 634 3924 coniugis
655 3861 679 3915 (s
697 3872 718 3911 s.
739 3856 756 3909 1.
776 3856 813 3918 N,
833 3856 898 3910 Pbei
951 3857 1032 3910 alteri
1051 3857 1172 3926 copulari
1190 3858 1322 3928 (copulari
1338 3875 1358 3914 o.
1375 3857 1400 3910 ii
1412 3851 1443 3915 d]

317 3942 381 3996 Pbd
435 3942 606 4012 3sensibuo]
626 3944 769 3998 sententiis
788 3945 816 3999 R
869 3945 952 4014 deit]
974 3944 1057 4000 eatR
1129 3963 1181 3999 non
1200 3953 1279 4000 ocni
1331 3942 1443 3998 imuiier

318 4045 368 4082 om.
392 4028 483 4083 VNbd
556 4031 589 4085 10
609 4031 727 4101 quandiu
744 4031 773 4086 R
848 4033 877 4086 11
898 4033 956 4086 uiro
976 4039 1058 4087 om.t
1129 4039 1172 4088 est
1189 4033 1344 4088 dicendaS
1402 4029 1442 4084 du·

318 4115 402 4170 cende
420 4117 448 4169 P
501 4118 534 4171 16
553 4121 595 4189 sc]
616 4123 645 4172 et
663 4121 742 4172 baot
796 4120 831 4172 20
848 4122 1046 4174 monstruosius
1070 4120 1300 4176 VEMNRSPM
1356 4121 1440 4186 arpo

318 4207 415 4258 sterior
428 4205 456 4258 B
492 4207 526 4260 23
542 4207 711 4278 cuicumque]
733 4224 846 4277 cumque
860 4207 967 4262 BTES
979 4210 1128 4279 cuicunque
1141 4209 1170 4264 R
1188 4211 1286 4280 cuique
1299 4211 1337 4275 (ior
1348 4209 1406 4267 rot.)
1416 4202 1441 4256 Ν

318 4293 443 4348 habendo
463 4295 486 4349 S
539 4297 572 4349 27
593 4297 718 4366 deputari
738 4296 758 4362 (i
775 4313 797 4350 s.
816 4313 852 4353 cr.
873 4315 887 4351 e
907 4299 985 4368 add.)
1003 4299 1040 4363 N,
1058 4298 1124 4352 Pbd
