3109 4959
282 433 405 499 XXXII
744 430 960 487 Praefatio.

239 625 253 685 t
330 626 433 691 Codex
461 625 646 690 Treuericus
674 644 703 691 n.
731 624 793 689 165
828 645 854 691 s.
876 626 935 691 XV
963 627 1084 693 nullius
1116 627 1209 709 pretii
1242 630 1300 693 est.
1339 628 1435 694 doleo·

284 734 368 816 quod
391 734 509 797 librum
534 732 694 797 66666661.
717 733 749 796 16
775 738 960 815 apparatum
985 735 1050 798 fere
1073 734 1153 798 nihil
1175 733 1353 799 admissum
1371 738 1430 799 est.

329 838 397 919 Qun
428 840 549 905 ratione
580 840 612 904 in
645 839 878 905 constituendis
910 841 1018 905 uerbis
1045 840 1198 905 utendum
1229 822 1281 920 sit,
1311 842 1339 905 si
1370 841 1430 905 hoc

283 947 475 1029 opuseulum
504 948 676 1030 spectetur,
702 946 835 1011 dubium
863 966 935 1012 osse
961 966 1021 1011 666
1044 950 1161 1031 potest.
1199 948 1317 1030 ubique
1340 950 1431 1011 uetu-

283 1055 397 1119 stiores
422 1053 546 1119 codices
571 1050 631 1117 ΤΒ
655 1053 808 1135 sequendi
831 1057 915 1129 sunt,
939 1054 1003 1118 nisi
1029 1054 1085 1118 ubi
1113 1057 1222 1137 aperto
1242 1054 1358 1118 mendo
1380 1054 1431 1118 de-

282 1160 527 1248 prehenduntur„
565 1160 649 1244 quod
681 1159 810 1243 quidem
842 1179 954 1225 reuera
986 1158 1128 1225 occidere
1159 1165 1338 1227 monstrant
1369 1161 1430 1225 loci

283 1269 393 1351 quoles
418 1269 493 1333 eunt
516 1268 591 1344 390,
618 1268 674 1341 10;
700 1268 775 1342 396,
802 1268 858 1341 17;
883 1267 960 1344 406,
983 1271 1004 1331 4
1028 1268 1068 1331 61.
1102 1286 1212 1333 omnes
1233 1268 1309 1333 libri
1331 1267 1431 1331 disce-

283 1375 363 1439 dunt
393 1374 425 1439 in
458 1374 536 1439 dues
568 1378 674 1457 partes
707 1372 922 1437 lacunositate
954 1392 1106 1439 uersuum
1137 1376 1178 1439 15
1211 1392 1284 1457 pag.
1309 1373 1429 1453 356,2

284 1481 452 1557 discretam
482 1480 520 1545 61.
547 1480 743 1553 66166379,
769 1481 798 1543 8.
824 1482 878 1556 16;
903 1480 979 1556 382,
1005 1482 1060 1556 14;
1086 1482 1161 1558 409,
1187 1484 1216 1545 5.
1253 1480 1362 1562 itaque
1392 1480 1430 1543 eb

284 1586 382 1651 altere
408 1591 496 1669 perte
525 1589 612 1652 stent
640 1584 769 1663 VESN,
799 1586 838 1650 eb
867 1587 966 1651 altere
987 1585 1200 1663 BYOMRP3
1234 1606 1307 1651 nem
1335 1586 1432 1651 codex

283 1694 470 1759 Treuericus
496 1696 558 1758 165
584 1712 610 1757 6.
630 1692 688 1756 XV
712 1695 769 1775 (=
784 1690 813 1777 t)
836 1711 898 1757 666
922 1699 973 1756 666
994 1693 1251 1759 considerandus.
1274 1693 1331 1758 sed
1353 1693 1431 1757 hoec

284 1799 466 1863 distributio
486 1816 546 1863 non
567 1798 675 1866 officit.
696 1798 867 1881 quominus
886 1818 969 1864 nnus
988 1799 1109 1865 alterne
1132 1800 1213 1863 liber
1236 1799 1276 1863 66
1298 1800 1430 1863 alteram

283 1909 405 1989 partem
428 1906 628 1989 transfugiet.
653 1909 814 1986 praeterea
839 1904 888 1968 uir
911 1906 1190 1971 commodissimus
1209 1906 1337 1971 7661166
1360 1924 1430 1969 meo

283 2015 396 2097 rogatu
421 2011 541 2077 codieIs
565 2010 886 2077 Wolfenbuttelensis
911 2013 973 2076 531
1000 2011 1078 2097 (491
1103 2012 1256 2095 Helmst.)
1280 2012 1430 2076 61111-

282 2118 361 2183 XIII
389 2118 512 2201 aliquot·
537 2118 625 2182 Ioeos
653 2118 799 2200 inspexit,
829 2136 909 2199 quos
937 2118 1069 2201 proponi
1092 2118 1200 2182 liceat:
1233 2138 1263 2200 p.
1287 2119 1364 2195 347,
1390 2120 1430 2181 10

284 2245 359 2299 noer
384 2226 460 2301 350,
480 2226 524 2290 24
547 2224 749 2303 concordique
772 2242 935 2292 corrsense:
961 2224 1037 2294 354,
1059 2226 1101 2288 20
1124 2243 1189 2287 non
1209 2224 1330 2309 611666
1356 2226 1430 2301 383,

288 2334 327 2397 10
351 2336 469 2412 possem
503 2332 578 2408 333,
605 2330 645 2393 19
673 2330 739 2393 nisi
765 2332 956 2392 contenentia
975 2331 1062 2412 forte
1084 2330 1142 2392 1116
1164 2330 1321 2405 dilexerim
1355 2332 1430 2401 384.

285 2441 327 2503 20
351 2440 591 2515 memoresne
621 2437 696 2508 387,
722 2439 760 2501 21
788 2440 853 2498 iem
875 2458 949 2510 one;
980 2437 1055 2512 390,
1080 2439 1100 2499 2
1123 2437 1312 2517 reccn'ptum
1334 2442 1430 2500 terrore.

284 2545 367 2611 6666
396 2543 497 2609 666161
523 2544 600 2608 11666
630 2544 852 2607 contaminatis
876 2542 1144 2607 adnumerandum
1170 2562 1248 2607 esse.
1286 2543 1429 2609 codicum

284 2652 508 2716 vaticanorum
542 2670 570 2715 n.
596 2651 659 2715 376
689 2668 712 2715 s.
732 2649 791 2713 XV
815 2654 847 2714 et
873 2670 903 2712 6,
929 2651 993 2713 445
1023 2669 1048 2713 s.
1072 2648 1131 2713 XV
1159 2668 1293 2732 qnorum
1325 2654 1431 2731 partes

284 2759 309 2823 I.
334 2758 429 2822 Ponzl
453 2756 650 2838 comparauit
671 2756 842 2821 lectionem
866 2756 946 2820 nihil
968 2755 1045 2819 noui
1069 2756 1250 2821 efferentem
1274 2757 1432 2821 6666661-

284 2883 357 2948 pere
381 2863 543 2928 constitui.

328 2969 494 3035 Postremo
524 2968 561 3032 66
589 2969 661 3052 lege
684 2968 766 3032 Iulia
790 2986 871 3051 quoe
895 2968 971 3032 389.
996 2969 1061 3031 390
1085 2972 1350 3033 commemoretur
1372 2970 1431 3034 hoc

285 3076 462 3142 addendum
504 3074 583 3139 mihi
625 3074 761 3141 uidetur.
804 3075 902 3139 uerba
939 3076 1046 3157 qualis
1084 3074 1180 3139 codex
1218 3073 1432 3159 Gregorienue

285 3180 403 3265 (Codex
427 3179 651 3265 Gregorisnus.
675 3182 831 3245 Instruxit
854 3180 890 3246 G.
909 3182 1031 3245 Heenel
1053 3181 1143 3244 Bonn
1165 3179 1275 3267 1837.)
1299 3182 1319 3246 1.
1338 3182 1432 3247 XIIII

284 3288 334 3353 tit.
358 3290 388 3353 11
417 3288 548 3371 praehet
573 3288 605 3351 in
634 3288 822 3352 uniuersum
850 3306 922 3351 curn
946 3287 1052 3352 uerbis
1076 3286 1225 3351 editionis
1248 3306 1337 3353 meae
1359 3306 1432 3353 eon·

285 3395 430 3470 ueniunt;
468 3413 499 3475 p.
537 3394 612 3470 390,
651 3395 670 3455 2
707 3393 895 3472 rescriptum
929 3412 1033 3455 meum
1068 3393 1314 3475 suffragantibus
1350 3394 1432 3458 meis

283 3504 394 3565 contre
416 3498 611 3583 Eugippium
636 3500 775 3565 offertur.
814 3500 871 3563 sed
903 3517 975 3562 eum
998 3499 1044 3563 ibi
1067 3499 1225 3563 uenientes
1257 3500 1433 3581 scripturae

283 3607 453 3672 adnotatae
486 3604 560 3683 sint,
590 3606 644 3687 qni
677 3624 745 3671 eom
778 3625 846 3670 rem
877 3605 1076 3686 persecuturi
1107 3610 1183 3669 sunt
1209 3625 1281 3669 eum
1314 3605 1431 3669 librum

286 3712 406 3777 666666.
443 3732 515 3795 pars
545 3711 694 3776 orationis
723 3712 819 3775 etiam
847 3711 927 3775 libro
950 3709 982 3774 II
1010 3710 1048 3773 66
1078 3710 1244 3775 adulteriis
1268 3711 1433 3777 exhibetur
1548 3767 1549 3798 p

285 3817 391 3901 (dorp.
411 3818 489 3882 iuris
510 3818 571 3882 cin.
592 3816 640 3882 66.
661 3818 840 3882 Mommsen
864 3816 1063 3899 1116111113.
1084 3820 1103 3880 5
1128 3816 1167 3880 66
1189 3817 1293 3901 legem
1317 3818 1432 3883 Iuliam
1548 3809 1549 3872 1

286 3925 323 3989 66
346 3926 510 3989 adulteriis
535 3923 716 3989 coercendis
740 3924 937 3988 XXXXVIII
961 3925 1003 4004 5).
1548 3949 1549 3966 ¹

329 4031 365 4094 In
399 4031 507 4095 codice
535 4031 634 4117 Regio
668 4050 697 4093 6.
723 4032 810 4095 2730
840 4051 864 4095 s.
887 4030 918 4093 X
950 4032 1024 4113 poet
1055 4031 1246 4110 opusculum
1279 4031 1318 4095 de
1350 4032 1432 4097 bono
1548 4029 1549 4082 ἲ

286 4138 445 4221 coniugali
469 4138 524 4201 161.
544 4139 586 4202 96
609 4137 659 4201 lex
683 4138 834 4201 Antonini
858 4137 1010 4219 sequitur.
1033 4136 1220 4201 1166666166
1243 4138 1432 4202 uarietatem
1548 4133 1549 4220 {

286 4244 337 4307 hie
362 4243 488 4309 addere:
513 4264 544 4327 p.
565 4245 640 4323 389,
661 4246 680 4309 9
700 4240 1074 4329 christianis-audiunt]
1097 4242 1263 4307 detectam
1283 4243 1431 4318 eredient;

286 4351 361 4429 389,
383 4351 627 4431 idapeosearet3
653 4350 728 4429 389,
752 4350 793 4413 17
815 4353 984 4417 6616611666
1006 4350 1039 4433 (6
1055 4348 1116 4430 fin.
1141 4351 1175 4412 16
1197 4348 1290 4435 ras.);
1315 4351 1429 4429 390,1
1548 4357 1549 4396 3
