3109 4959
293 428 358 492 446
646 425 673 477 S.
703 425 840 479 Aureli
867 423 1085 494 Augustini

291 622 380 687 nullo
404 620 498 685 modo
522 620 713 704 putauerim.
738 638 930 702 quamquam
953 623 1169 703 proponantur
1190 620 1370 685 lenissimae
1390 620 1430 685 in-

291 728 391 793 iuriae
418 764 458 775 -
482 727 583 792 ueluti
613 731 664 792 est
690 727 756 803 illa,
786 746 879 810 quam
909 726 947 791 de
974 746 1037 792 uno
1066 726 1171 792 modio
1200 727 1317 792 amisso
1345 746 1433 810 snpra

293 835 541 899 commemoraui
567 872 611 882 —
639 839 672 899 et
702 835 841 900 multum
874 834 1068 917 perturbent,
1101 836 1209 897 utrum
1242 853 1301 898 non
1330 832 1433 897 debea-

291 962 364 1007 mus
392 942 496 1006 facere
524 941 673 1025 cuiquam
702 942 754 1005 uel
782 940 879 1005 talem
907 940 1063 1017 iniuriam,
1093 941 1121 1005 ei
1149 958 1187 1004 ea
1212 942 1321 1021 potest
1348 940 1433 1016 aliua,

291 1067 330 1113 ne
359 1051 507 1129 stuprum
533 1048 683 1130 patiatur,
712 1046 838 1111 defendi
868 1050 923 1111 aut
949 1046 1074 1111 muniri.
1118 1046 1185 1124 sed,
1213 1049 1250 1112 ut
1278 1045 1351 1124 diri,
1379 1048 1470 1111 alias

292 1154 437 1237 quaestio
462 1157 522 1218 eet.

336 1260 406 1325 XV.
429 1260 522 1325 Nunc
544 1260 636 1338 illud,
661 1260 745 1343 quod
767 1260 977 1337 instituimus,
997 1278 1204 1345 peragamus:
1229 1265 1336 1326 utrum
1355 1281 1435 1326 men-

292 1366 436 1432 tiendum
459 1366 512 1445 sit,
537 1368 565 1431 si
588 1367 684 1431 etiarn
708 1366 903 1433 ineuitabilis
928 1366 1072 1431 condicio
1095 1371 1298 1451 proponatur,
1313 1360 1361 1431 'nt
1386 1374 1436 1433 aut

291 1472 352 1537 hoe
379 1472 534 1536 iaciamus
563 1474 619 1536 aut
642 1476 787 1555 stuprum
811 1473 971 1556 patiamur
994 1473 1047 1537 uel
1070 1474 1210 1555 aliquam
1234 1474 1436 1539 execrabilem

289 1577 550 1660 inquinationem,
575 1577 701 1642 etiamsi
724 1578 904 1644 mentiendo
927 1579 1009 1643 nulli
1032 1579 1186 1644 faciamus
1209 1580 1368 1645 iniuriam.
1452 1603 1472 1641 a

337 1686 389 1749 26.
413 1684 461 1749 De
484 1703 547 1767 qua
568 1703 601 1749 re
625 1685 746 1767 patebit
770 1685 886 1769 aliquia
910 1684 1155 1751 considerationi
1178 1686 1436 1770 lacessimus

291 1792 415 1855 dininas
454 1791 670 1871 auctoritates,
708 1811 788 1875 quae
827 1793 1026 1859 mendacium
1063 1794 1240 1876 prohibent,
1274 1793 1438 1877 diligenter

292 1898 514 1963 discutiamus.
539 1898 567 1963 si
591 1900 674 1963 enirn
698 1899 787 1983 ipsae
815 1901 939 1965 nullum
968 1900 1043 1965 dant
1064 1901 1182 1977 locum,
1206 1900 1326 1965 frustra
1349 1920 1436 1983 quae

290 2004 390 2069 rimus
406 2023 468 2087 qna
484 2024 644 2082 exeamus3
665 2006 837 2070 tenendum
857 2009 907 2071 cst
921 2008 1005 2072 enim
1019 2007 1105 2071 omni
1123 2006 1216 2072 modo
1237 2012 1434 2091 praeceptum

291 2109 342 2174 dei
365 2114 397 2175 et
416 2111 566 2175 uoluntas
585 2110 637 2174 dei
654 2112 686 2175 in
705 2111 767 2190 his,
787 2130 868 2194 quae
885 2112 1021 2177 tenendo
1041 2115 1246 2195 praeceptum
1265 2113 1335 2177 eius
1353 2112 1435 2195 passi
1452 2132 1470 2169 n

291 2216 453 2295 fuerimns‚
481 2236 581 2298 aequo
610 2218 714 2283 animo
742 2218 918 2300 sequenda;
947 2220 975 2282 si
1004 2224 1110 2283 autem
1138 2220 1296 2284 relaxatur
1324 2218 1435 2300 aliquia

291 2324 402 2403 exitus,
425 2342 486 2387 non
507 2324 605 2388 estin
624 2324 683 2388 tali
701 2342 799 2389 causa
815 2324 1024 2390 recusandum
1043 2325 1255 2390 mendacium.
1277 2330 1434 2408 propterea

290 2429 416 2495 diuinae
434 2430 609 2513 scripturae
627 2449 688 2495 non
708 2432 813 2495 solum
832 2435 999 2514 praecepta
1013 2431 1063 2495 dei
1079 2432 1249 2510 continent,
1270 2430 1432 2495 sedetiam

289 2536 389 2601 uimm
409 2556 578 2618 moresque
596 2536 765 2615 iustorum,
794 2541 842 2614 ut,
866 2538 893 2602 si
916 2538 997 2603 forte
1021 2538 1184 2602 occultum
1208 2542 1267 2615 est,
1292 2536 1431 2620 quemad-

289 2643 420 2707 modum
449 2643 667 2725 accipiendum
697 2644 740 2708 eit
768 2644 853 2726 quod
880 2644 1081 2726 praecipitur,
1105 2644 1138 2709 in
1164 2644 1258 2709 factis
1282 2645 1429 2709 iustorum
1445 2662 1465 2698 s

289 2750 502 2833 intellegatur.
528 2750 667 2833 exceptis
691 2751 799 2832 itaque
822 2750 872 2816 his
896 2750 1000 2828 factis,
1020 2770 1101 2834 quae
1119 2754 1228 2835 potest
1247 2752 1380 2834 quisque
1396 2748 1430 2813 ad

289 2853 492 2937 allegoricam
521 2854 786 2938 significationem
813 2856 937 2933 referre,
967 2856 1114 2939 quamuis
1137 2861 1229 2943 gesta
1252 2876 1323 2923 esse
1345 2876 1429 2922 nemo

289 2959 434 3043 ambigat
450 2996 495 3007 —-
515 2961 610 3025 sicuti
630 2964 707 3027 sunt
723 2964 788 3026 iere
808 2964 913 3027 omnia
930 2962 963 3026 in
981 2962 1071 3028 libris
1097 2964 1213 3029 ueteris
1238 2962 1428 3033 testamentir

289 3067 361 3147 quis
382 3066 466 3132 enim
484 3068 528 3131 ibi
549 3069 668 3150 aliquid
688 3070 804 3134 audeat
823 3068 987 3134 adfirmare
1006 3088 1068 3134 nou
1086 3070 1242 3152 pertinere
1261 3070 1302 3135 ad
1324 3070 1428 3153 figura·

288 3176 354 3236 tam
368 3176 694 3256 praenuntiationem?
714 3176 833 3261 quippe
853 3195 925 3242 cum
940 3176 1104 3260 apostolus
1123 3177 1219 3243 etiam
1239 3177 1322 3243 filios
1340 3176 1426 3241 nbra-
1441 3190 1462 3229 a

377 3400 412 3453 25
432 3399 466 3453 cf.
486 3398 544 3455 Gal.
563 3402 591 3460 4.
610 3402 652 3454 22.
672 3402 707 3455 24

324 3524 440 3591 iquem
458 3523 497 3576 M
575 3524 783 3595 dperturbcnt]
805 3525 997 3596 pertrahuntb
1074 3528 1169 3596 bant]
1191 3542 1221 3581 ac
1239 3526 1270 3581 F
1339 3528 1428 3595 iper-

289 3628 402 3680 agamur
419 3612 447 3667 R
513 3614 632 3667 8etiarn
652 3614 675 3667 ei
694 3612 746 3668 SF
852 3614 1010 3686 conditiop
1079 3615 1282 3687 9faciemusp
1386 3629 1427 3666 ex·

232 3732 237 3737 -
287 3699 446 3753 aecrabilem
464 3700 669 3771 MREFLpbd
750 3702 784 3758 10
802 3704 976 3773 iniquitatem
995 3702 1035 3757 F¹
1123 3706 1154 3758 ll
1175 3702 1427 3769 considerationisp

289 3789 322 3841 13
337 3787 525 3859 discutiamne]
546 3790 746 3845 consideremus
764 3792 795 3844 F
899 3793 958 3862 ipse
976 3790 1054 3863 Ηδβγ
1143 3794 1176 3846 14
1195 3808 1248 3863 qne
1265 3792 1327 3846 Ma
1343 3806 1392 3859 que
1410 3806 1426 3855 ς

290 3892 465 3947 erseamnsp
540 3880 572 3933 15
592 3878 695 3933 domini
713 3880 744 3933 F
814 3882 847 3936 16
867 3881 993 3950 aliquiS
1056 3883 1089 3936 19
1108 3881 1338 3951 quemammodum
1356 3876 1427 3944 MS?

289 3966 323 4018 20
341 3967 532 4039 precepiturp
597 3970 632 4022 22
650 3970 795 4041 refferrep
869 3986 928 4024 esee
947 3986 997 4025 om.
1016 3971 1048 4026 F
1109 3970 1143 4025 23
1162 3970 1234 4023 siout
1253 3968 1305 4024 ΒΓ
1365 3970 1428 4019 suut

287 4054 379 4106 omnia
397 4056 425 4107 in
444 4055 521 4109 libris
539 4056 596 4110 iere
615 4058 717 4112 ueteris
737 4064 749 4126 β
821 4060 856 4113 24
875 4059 978 4129 aliquid
997 4060 1035 4114 ibi
1055 4059 1107 4113 SF
1123 4059 1222 4129 aliquis
1241 4058 1310 4126 ibis
1374 4052 1425 4119 ihi]

286 4140 373 4210 sibip
437 4144 536 4198 audeat
555 4146 692 4217 aliquidq
757 4149 915 4218 afirmarep
980 4150 1113 4219 pertinere
1133 4146 1271 4217 aliquidq
1330 4144 1424 4213 figura·

285 4235 373 4283 tutam
392 4230 416 4285 S
466 4234 502 4288 25
520 4237 765 4304 prenuntiationcm
785 4238 872 4291 ΜΗΘ
889 4239 1135 4307 pronuntiationem
1155 4236 1185 4291 F
1241 4234 1378 4290 habraham
1396 4226 1424 4282 R

287 4317 413 4373 abraham
433 4326 460 4392 βγ
479 4323 609 4378 habraam
628 4343 645 4395 φ
