3109 4959
260 434 428 501 XXXVIII
724 430 942 486 Praefatio.

518 628 574 693 XI.
598 626 653 693 Du
679 627 814 692 oPuRu
837 624 1151 691 MONAGHORVM.

219 731 242 797 0
305 734 354 799 De
383 735 490 800 codice
520 736 594 799 olim
625 733 808 799 Corbeiensi
835 751 919 797 nnnc
945 732 1088 796 Parisino
1114 731 1221 794 13367
1247 748 1273 793 6.
1297 728 1342 792 VI
1366 727 1406 791 cf.

262 860 334 924 pag.
361 842 430 907 VH.

218 947 243 1010 P
307 947 354 1011 Dc
379 947 486 1013 codice
509 947 653 1012 Palatino
678 967 707 1011 n.
733 947 798 1010 210
823 965 849 1010 6.
874 945 934 1010 VII
957 946 997 1009 cf.
1022 963 1095 1029 pag.
1119 942 1186 1008 XV.

218 1076 239 1137 γ
306 1053 353 1118 De
381 1054 490 1119 codice
519 1053 719 1119 Cluniacensi
743 1054 786 1117 30
813 1052 929 1134 (Noun.
953 1070 1045 1135 acqu.
1071 1048 1170 1134 1448)
1200 1068 1226 1114 s.
1250 1046 1343 1112 VIIII
1367 1044 1407 1111 cf.

262 1178 333 1245 pag.
356 1160 456 1225 XVII.

217 1268 242 1331 L
305 1266 352 1331 De
377 1266 484 1332 codice
507 1266 707 1331 Laudunensi
730 1286 760 1332 n.
788 1266 851 1329 136
880 1285 905 1329 6.
932 1264 1024 1330 VIIII
1051 1264 1091 1329 cf.
1119 1284 1191 1347 pag.
1222 1261 1324 1339 VIIII,
1353 1259 1408 1323 ubi

261 1372 368 1437 littera
391 1372 604 1457 Iinsignitus
627 1376 686 1438 661.

220 1478 245 1544 0
306 1479 354 1545 De
383 1478 491 1543 codice
515 1480 716 1544 Landunensi
740 1499 769 1542 n.
795 1480 858 1543 135
888 1497 914 1543 s.
939 1477 1032 1542 VIIH
1060 1478 1183 1541 exeunt.
1209 1475 1249 1539 cf.
1272 1492 1345 1556 pag.
1368 1471 1408 1550 X,

263 1586 318 1651 nbi
341 1586 448 1650 littera
472 1584 504 1648 Z
523 1587 668 1671 signatus
692 1588 751 1650 est.

219 1692 248 1755 V
308 1693 356 1757 De
381 1692 489 1758 codice
513 1692 749 1758 Vindobonensi
772 1713 802 1757 n.
829 1694 912 1756 1021
940 1712 966 1757 6.
990 1691 1019 1756 X
1043 1691 1081 1755 cf.
1105 1708 1177 1773 pag.
1200 1686 1318 1752 XVIH.

219 1798 245 1861 F
309 1798 357 1863 Do
381 1800 489 1865 codice
513 1800 612 1883 Regio
636 1819 667 1863 n.
692 1799 779 1863 2730
804 1818 830 1863 6.
854 1798 884 1862 X
908 1798 948 1862 cf.
972 1818 1045 1883 pag.
1069 1796 1185 1862 XXVI.

220 1906 246 1969 B
310 1905 357 1969 De
381 1905 489 1971 codice
513 1905 666 1971 Beruensi
688 1924 718 1969 n.
745 1905 808 1969 162
833 1924 859 1969 6.
883 1904 930 1970 XI
948 1905 989 1969 cf.
1008 1923 1078 1988 pag.
1097 1904 1169 1981 XII,
1188 1900 1244 1967 ubi
1262 1906 1287 1983 β
1303 1900 1411 1965 littera

265 2012 410 2097 signatus
434 2015 494 2079 661.

221 2117 249 2181 D
311 2117 358 2182 De
382 2118 490 2185 codice
513 2118 742 2203 Bambergensi
765 2119 802 2182 Β.
826 2118 882 2183 III.
909 2119 960 2183 18.
981 2137 1006 2182 6.
1025 2117 1072 2182 XI
1091 2118 1131 2182 cf.
1155 2134 1227 2201 pag.
1250 2114 1366 2179 XXVI.

221 2226 248 2287 A
313 2225 417 2291 Codex
443 2224 594 2290 Metsnsis
623 2244 647 2290 s.
670 2225 829 2307 Arnulphi
855 2245 884 2290 n.
909 2226 972 2289 138
1002 2224 1056 2310 (cf.
1080 2223 1255 2306 Catalogue
1285 2218 1412 2305 genera]

267 2332 321 2397 des
350 2352 432 2397 man.
462 2332 517 2397 des
540 2332 617 2397 bibl.
643 2331 698 2397 dos
722 2332 791 2415 dep.
815 2332 849 2395 Τ.
874 2331 902 2394 V
926 2330 984 2417 59)
1007 2331 1137 2396 membr.
1163 2328 1298 2394 miscclL
1318 2326 1352 2390 in
1376 2324 1411 2390 4⁰

267 2458 293 2504 s.
316 2438 361 2504 XI
385 2438 523 2519 scriptus
548 2456 566 2502 a
587 2436 805 2502 Benedictinis
829 2437 991 2503 adhibitus
1014 2455 1115 2518 neque
1137 2435 1286 2500 foliorum
1309 2450 1410 2514 neque

267 2544 452 2629 paginamm
485 2563 614 2608 numero
646 2544 823 2609 instructus
856 2547 915 2609 est.
952 2544 1021 2608 eins
1049 2542 1213 2625 inscriptio
1241 2542 1319 2606 baec
1347 2546 1409 2604 est:

270 2638 338 2727 ,Ino
357 2651 439 2717 liber
461 2636 578 2716 eiusde
599 2649 640 2736 (s.
663 2650 686 2715 l.
711 2650 779 2716 add.
800 2636 853 2715 sm
878 2636 943 2735 {on—g
968 2634 1034 2736 epi)
1062 2649 1101 2714 de
1129 2667 1221 2731 opero
1245 2647 1411 2711 monacho·

268 2762 363 2837 rum'3
389 2758 581 2841 subscriptio
606 2758 813 2823 desideratur.
838 2758 998 2822 correctus
1021 2759 1072 2820 661
1093 2755 1174 2820 libor
1194 2754 1306 2819 multis
1332 2752 1411 2818 locis

269 2886 331 2931 non
354 2865 456 2931 solum
481 2884 499 2929 a
522 2864 623 2947 prima
646 2884 741 2929 manu
765 2863 821 2928 sed
844 2864 941 2929 etiam
964 2882 1059 2927 manu
1082 2860 1282 2937 correctoris;
1306 2863 1411 2924 tamen

268 2973 392 3039 lacunis
419 2972 638 3054 frequentibus
667 2972 859 3053 dopna-name
887 2973 947 3049 661,
972 2973 1009 3034 61
1036 2969 1156 3034 nullius
1185 2969 1229 3035 sit
1255 2967 1351 3052 pretii
1374 2964 1412 3031 ad

268 3078 529 3144 emendationem.
707 3128 709 3133 .

225 3186 259 3249 M
315 3185 418 3252 Codex
451 3186 633 3251 Monacensi
666 3204 695 3249 n.
722 3184 831 3248 13059
863 3184 945 3266 (But.
978 3182 1038 3247 ciu.
1063 3181 1119 3265 59)
1150 3182 1182 3246 in
1210 3182 1247 3246 2⁰
1268 3181 1324 3247 fol.
1351 3180 1412 3245 163

271 3314 296 3359 6.
319 3292 381 3359 XII
404 3312 459 3375 per
483 3310 516 3357 66
538 3292 607 3375 ipsc
631 3290 750 3355 nullius
774 3308 854 3354 usus
877 3292 934 3356 est.

226 3396 255 3461 N
315 3399 362 3463 De
387 3398 494 3463 codice
517 3398 695 3463 Monacensi
721 3418 750 3463 n.
776 3396 883 3461 17057
909 3417 935 3462 6.
958 3396 1020 3461 XII
1044 3397 1084 3461 cf.
1107 3416 1180 3480 pag.
1204 3395 1320 3461 XXVI.

316 3504 466 3571 Omnium
499 3504 643 3569 codicum
678 3504 757 3568 duae
790 3503 910 3567 classes
941 3503 1021 3569 locis
1055 3503 1180 3568 dnobus
1210 3503 1411 3586 potissimum

272 3612 532 3676 determinantur:
557 3632 587 3694 p.
612 3612 686 3687 531,
712 3612 731 3674 6
756 3614 784 3673 ct
798 3609 965 3692 fraternae
986 3630 1045 3674 ona.
1066 3608 1229 3693 PVDMy
1250 3608 1304 3693 (cf.
1328 3628 1414 3692 prae·

270 3723 358 3783 terea
391 3718 465 3793 532,
490 3720 546 3793 23;
581 3718 655 3793 535,
680 3719 715 3793 2;
749 3717 824 3794 538,
849 3718 883 3790 8;
919 3717 994 3793 543,
1021 3718 1077 3794 1ος
1111 3716 1187 3794 546,
1212 3716 1246 3792 6;
1278 3718 1353 3791 544,
1378 3718 1413 3789 ὃς

273 3826 348 3905 556,
369 3826 403 3901 4;
425 3826 499 3903 545,
520 3822 622 3907 618)
643 3825 676 3887 61
692 3844 722 3906 p.
740 3824 815 3900 532,
835 3824 850 3887 1
872 3821 1173 3911 et-disserecdum]
1193 3822 1268 3886 dum
1285 3820 1412 3887 OLOB.

272 3931 397 3997 codices
421 3928 523 3993 FAN
551 3928 737 4012 praesertim
764 3930 796 3993 in
825 3930 904 3993 locis
932 3929 1059 3994 biblicis
1091 3928 1120 3993 0
1145 3948 1239 4011 quarn
1267 3928 1299 3991 P
1324 3928 1414 4011 sequi

272 4038 396 4102 malunt
423 4037 515 4101 uelut
539 4038 613 4113 544,
639 4038 669 4099 5.
694 4036 728 4113 8;
754 4038 829 4114 545,
854 4036 963 4114 6.16;
987 4036 1063 4114 546,
1089 4037 1130 4100 13
1153 4036 1194 4101 al.
1226 4038 1332 4100 tentus
1359 4033 1418 4099 GP

273 4143 437 4209 codicibus
460 4142 611 4207 fundatus
636 4143 693 4207 661.

318 4248 471 4315 Codicum
495 4248 786 4313 Vindobonensium
810 4266 944 4330 quorum
967 4248 1135 4313 lectionem
1157 4250 1195 4313 ab
1216 4249 1414 4315 adnotatione

200 4356 477 4440 YXseparandam
499 4375 569 4420 6666
587 4354 699 4437 putaui
716 4352 758 4439 (p.
778 4356 858 4438 530)
876 4353 1013 4440 Ῡ(735)
1037 4353 1066 4420 0
1081 4356 1260 4435 comitatur,
1279 4357 1309 4421 X
1324 4356 1357 4441 (7
1362 4356 1416 4439 57)
