3109 4959
278 430 341 516 2⁴18
630 432 656 486 S.
685 428 824 483 Aureli
851 430 1068 498 Augustini

277 624 380 708 ipsam
403 626 599 691 materialem
621 628 858 704 informitatem,
878 644 958 708 quae
981 625 1063 692 iacto
1088 634 1243 712 conceptu
1262 633 1426 712 tamquam

277 734 308 797 in
333 731 583 798 aedificationem
607 736 746 818 corporis
770 734 908 799 additur.
937 752 974 799 ac
996 753 1052 816 por
1074 735 1135 801 hoc
1158 756 1232 803 oum
1249 738 1428 803 informiter

278 840 359 918 fluit,
384 840 555 925 significari
583 860 639 924 per
665 842 754 906 illam
782 843 831 905 lex
856 842 960 907 uoluit
982 842 1123 906 animum
1148 842 1215 908 eine
1237 844 1428 927 disciplinae

194 940 200 952 “
277 948 379 1012 forma
392 947 572 1013 indecenter
590 948 725 1014 fluidum
743 965 780 1013 ao
799 948 1003 1026 dissolutum,
1022 969 1116 1032 quem
1133 950 1263 1019 formari
1282 955 1429 1034 oportere

279 1052 448 1137 significat,
465 1074 537 1119 oum
552 1056 649 1120 telem
669 1055 788 1119 fluxrrm
807 1056 945 1138 corporis
963 1054 1055 1121 iubet
1071 1057 1242 1138 purificari.
1266 1062 1429 1139 postremo
1462 1078 1476 1117 r

278 1160 433 1243 numquid
466 1165 498 1227 et
529 1162 610 1226 mori
640 1164 808 1245 peccatum
840 1167 890 1228 eet
922 1167 978 1228 aut
1009 1168 1170 1229 mortuum
1202 1165 1338 1247 sepelire
1366 1185 1428 1229 non

280 1269 375 1333 etiam
405 1268 522 1333 bonum
552 1287 632 1349 opus
660 1268 868 1333 humanitatis
897 1273 967 1333 est?
996 1272 1028 1333 et
1054 1273 1160 1334 tamen
1187 1270 1369 1353 purificatio
1395 1275 1431 1334 et

278 1373 351 1439 inde
384 1375 530 1439 mandata
562 1379 621 1451 est,
655 1374 729 1457 quia
760 1378 793 1440 et
823 1379 985 1440 mortuum
1017 1395 1130 1459 corpus
1162 1377 1231 1441 uita
1263 1376 1430 1442 deserente

279 1500 339 1546 non
368 1486 534 1564 peccatum
562 1485 621 1559 eet,
647 1480 702 1546 sed
725 1484 892 1563 peccatum
916 1481 1075 1567 significat
1097 1483 1219 1547 animae
1242 1483 1387 1549 desertae
1411 1504 1431 1548 a

278 1588 411 1653 iustitia.
1448 1612 1476 1651 ro

325 1696 378 1759 24.
402 1696 537 1773 Bonum,
561 1696 699 1778 inquom,
724 1700 800 1761 eunt
826 1696 956 1779 nuptiae
983 1701 1016 1760 et
1044 1699 1153 1760 contra
1175 1715 1285 1762 omnes
1310 1698 1431 1762 calum-

279 1800 347 1867 nias
375 1806 511 1884 possunt
539 1822 614 1865 sana
642 1802 762 1867 ratione
793 1802 927 1867 defendi.
961 1802 1081 1886 nuptiis
1109 1809 1215 1867 tamen
1244 1808 1429 1869 sanctorum

280 1911 405 1991 patrum
435 1925 494 1971 non
529 1926 608 1990 quas
636 1909 774 1991 nuptiae,
799 1907 855 1972 sed
884 1928 978 1991 quarn
1005 1908 1231 1973 continentiam
1260 1926 1430 1991 conpotem

281 2026 405 2096 quaero,
438 2014 535 2079 immo
564 2034 624 2078 non
654 2015 782 2095 nuptias
809 2016 930 2098 nuptiis
958 2051 1001 2061 -
1030 2035 1103 2079 nam
1130 2034 1187 2097 par
1213 2015 1245 2079 iu
1279 2014 1429 2079 omnibus

281 2140 395 2186 munus
424 2125 475 2185 est
501 2120 628 2185 mortali
651 2122 815 2186 hominum
839 2125 969 2186 naturae
993 2121 1102 2186 datum
1124 2121 1247 2186 —sed
1271 2120 1430 2197 heminae,
1448 2144 1475 2185 ιι

281 2228 332 2309 qui
364 2227 484 2310 nuptiis
513 2230 656 2304 utuntur,
680 2228 744 2293 iuis
773 2228 956 2294 hominibus
983 2229 1039 2310 qui
1065 2230 1161 2311 louge
1188 2227 1282 2293 aliter
1309 2227 1430 2311 nuptiis

280 2335 330 2399 usi
363 2338 437 2399 sunt
469 2353 549 2416 quoe
582 2333 739 2398 conferam
763 2333 911 2417 quoniam
943 2354 1004 2400 non
1031 2334 1170 2411 inuenio,
1199 2334 1330 2417 quinam
1357 2352 1432 2399 con-

280 2442 416 2505 tinentes
443 2440 508 2505 illia
533 2440 709 2523 coniugatis
733 2440 915 2505 conferendi
937 2440 1002 2505 sint
1023 2440 1247 2522 requirendum
1270 2446 1330 2505 est
1367 2439 1431 2504 nisi

280 2546 361 2611 forte
393 2546 551 2611 Abraham
590 2546 748 2611 continere
785 2564 820 2610 ao
857 2565 918 2611 non
954 2550 1066 2629 posset
1096 2566 1115 2610 a
1146 2546 1268 2628 nuptiis
1301 2549 1432 2629 propter

279 2672 412 2737 regnum
444 2654 613 2728 caelomm‚
647 2652 702 2735 qui
733 2654 862 2718 unicum
894 2654 992 2735 prolia
1024 2655 1152 2737 pignus,
1182 2655 1312 2737 propter
1344 2652 1476 2735 quodne

281 2760 409 2843 nuptiae
433 2778 522 2824 carae
542 2763 627 2837 sunt,
646 2759 752 2841 potuit
770 2760 947 2841 intrepidus
966 2760 1131 2824 immolare
1150 2761 1278 2842 propter
1295 2778 1429 2842 regnum

280 2869 451 2935 coelorum.
716 2936 718 2939 ,

324 2976 409 3041 XXI.
434 2978 487 3039 25.
513 2974 714 3053 Continentia
737 2974 853 3057 quippe
876 2990 937 3039 non
962 2973 1113 3055 corporis,
1133 2972 1190 3038 sod
1208 2971 1305 3036 animi
1325 2973 1429 3036 uirtus

369 3221 386 3275 8
406 3220 440 3276 ci.
458 3220 538 3273 Num.
559 3220 600 3279 19.
622 3220 653 3273 ll

318 3364 331 3418 1
352 3364 450 3434 ipsam]
470 3362 545 3417 illam
563 3362 650 3431 ipsam
670 3360 813 3415 ΚΜΕΝα
830 3360 904 3413 illam
924 3360 955 3413 X
1034 3358 1221 3413 infirmitatem
1239 3355 1281 3411 Α1
1366 3372 1429 3409 oon·

223 3446 225 3449 ’
281 3453 434 3523 ceptumG
502 3450 648 3505 2additus
666 3451 727 3505 EX
797 3452 868 3520 eum]
889 3449 962 3519 quod
979 3448 1126 3503 ΜΕΧαΝ
1190 3446 1314 3501 41ιιιιιιιι
1332 3462 1383 3503 ora.
1401 3444 1433 3498 E

280 3541 438 3595 incedenter
455 3538 493 3595 ΒΙ
566 3539 697 3593 fluuidum
715 3538 848 3607 HARDs
921 3537 1074 3591 desolutum
1092 3537 1125 3590 K
1186 3536 1358 3589 dmortuum
1376 3549 1428 3587 om.

280 3628 453 3685 ΚΜΕΝΧα
508 3630 523 3681 7
543 3632 572 3683 et
588 3628 664 3697 inde]
684 3627 780 3681 exinde
798 3624 1032 3680 H²B²MENXoe
1046 3626 1129 3679 etiam
1146 3622 1211 3677 inde
1230 3622 1268 3677 dd
1329 3623 1347 3676 8
1365 3622 1431 3692 quie

280 3719 319 3787 et]
340 3733 409 3786 quae
431 3716 522 3787 unp
541 3715 579 3769 B¹
634 3717 723 3769 9non
742 3731 793 3769 om.
815 3714 865 3767 CB
918 3718 1058 3783 peccatum
1075 3712 1183 3767 nondd
1236 3710 1432 3766 aom.ADM

282 3807 315 3861 10
333 3804 468 3860 iustitiam
486 3804 519 3859 K
535 3804 642 3875 iustitie
660 3804 690 3857 D
782 3803 812 3856 ll
834 3808 862 3856 et
880 3805 983 3873 contra]
1004 3807 1032 3856 et
1050 3820 1065 3856 e
1083 3806 1179 3856 contm
1196 3800 1265 3855 Mn*
1354 3800 1428 3855 calu-

281 3896 353 3967 mnie
372 3894 404 3947 N
431 3894 578 3949 columniaa
596 3892 640 3949 Η1
730 3894 764 3948 14
791 3893 913 3963 nuptias]
936 3893 1039 3963 nuptiis
1064 3891 1123 3952 ΟΒ.
1147 3890 1168 3957 (i
1190 3890 1244 3960 fin.
1268 3906 1291 3944 a.
1313 3894 1383 3955 rue.)
1401 3892 1429 3941 A

281 3985 392 4055 nuptias
410 3985 465 4037 AB
484 3983 624 4053 nonnptiie
640 4002 657 4053 γ
675 3998 726 4036 οηι.
746 3982 776 4035 D
830 3981 890 4052 pari
907 3981 1063 4035 nominibus
1082 3980 1165 4050 PDp¹
1183 3978 1295 4051 paribus
1312 3979 1430 4032 nomini·

280 4072 332 4127 bue
350 4074 377 4126 A
401 4089 451 4143 par
471 4073 500 4127 in
523 4070 733 4135 ιιιιιιι1ι111ιιιιΕ1
753 4086 802 4140 par
819 4071 848 4125 in
865 4070 1019 4124 hominibus
1038 4068 1109 4125 ΡΗ
1133 4070 1192 4139 pari
1209 4068 1239 4123 in
1257 4066 1383 4122 omnibus
1401 4066 1431 4120 R

282 4163 315 4216 15
334 4160 462 4215 mortalit
479 4158 538 4229 Np²
626 4158 729 4212 homini
748 4160 779 4211 X
853 4160 884 4214 16
903 4158 970 4227 illis}
991 4158 1052 4212 aliie
1070 4155 1198 4211 KF'Dbd
1272 4156 1304 4210 17
1322 4155 1380 4209 uei
1396 4152 1431 4207 Η

283 4252 316 4305 18
336 4254 400 4315 sunt
418 4248 560 4303 KMENc
615 4250 647 4301 19
667 4264 695 4301 ee
714 4264 796 4320 emp
851 4248 886 4303 20
906 4246 977 4316 quod
995 4263 1046 4301 om.
1061 4246 1095 4299 K
1146 4245 1182 4300 23
1200 4242 1431 4299 continentiaeK

280 4341 369 4411 anirnp
388 4338 446 4392 AD
