3109 4959
301 420 367 483 442
656 415 681 471 S.
710 415 847 469 Aureli
875 415 1091 485 Augustini

300 610 506 695 interroganti
537 608 727 675 indicauerit
758 628 842 687 eum,
877 608 932 691 qui
965 628 999 673 se
1026 607 1100 673 fidei
1130 609 1198 673 eius
1227 608 1444 675 commiserat?

301 738 339 781 an
362 718 445 783 inter
468 718 585 782 crimen
609 716 684 782 falsi
700 715 877 781 testimonii
896 718 928 779 et
945 714 1133 799 proditionis
1157 714 1274 781 dubius
1295 714 1444 781 incertus-

301 842 361 906 que
384 824 584 889 remanebis?
621 843 660 889 au
683 822 816 889 tacendo
841 824 894 887 uel
916 821 1090 906 profitendo
1114 825 1147 887 te
1170 842 1232 889 non
1256 840 1327 887 esse
1350 822 1447 887 diotr-

299 949 370 994 rum
393 933 500 996 certus
523 934 696 1012 utrumque
713 928 857 995 nitebis?
881 948 938 995 our
962 948 1035 1015 ergo
1059 949 1119 995 non
1138 930 1200 995 hoo
1218 929 1328 1009 fauiae,
1347 929 1447 1012 prius-

300 1056 395 1119 quam
419 1036 459 1101 ad
479 1036 618 1102 iudicem
637 1036 758 1114 uenias,
779 1037 816 1100 ut
834 1054 947 1101 causas
966 1036 1064 1100 etiam
1083 1035 1303 1101 mandacium?
1328 1036 1445 1101 euitato
1475 1058 1484 1095 ι

299 1143 383 1207 enim
407 1144 571 1209 mendacio
596 1162 687 1209 omne
709 1143 930 1207 testimouium
954 1143 1071 1208 fulsum
1095 1142 1240 1227 effugies
1264 1142 1335 1207 eine
1358 1161 1447 1206 omne

299 1250 498 1315 mendacium
523 1250 567 1313 sit
588 1249 705 1313 falsum
737 1248 959 1314 testimonium
991 1249 1061 1314 siue
1092 1267 1154 1314 non
1188 1266 1294 1325 omne;
1329 1248 1446 1313 euitato

263 1382 267 1389 ·
299 1360 407 1422 autem
430 1356 511 1421 falso
540 1356 733 1432 testimonio,
763 1354 848 1437 quod
871 1358 907 1421 tu
931 1374 1002 1421 esse
1030 1354 1201 1439 intellegis,
1225 1374 1287 1421 uon
1315 1354 1446 1439 effugies

299 1482 391 1529 omne
427 1462 637 1530 mendacium.
680 1465 797 1544 quanto
831 1481 905 1545 ergo
939 1462 1063 1540 fortius,
1097 1466 1214 1545 quanto
1243 1462 1446 1527 excellentius

298 1570 400 1634 diaes:
423 1588 481 1633 neo
503 1568 632 1650 prodam
656 1587 713 1633 nec
737 1568 887 1633 mentiar!
1464 1594 1484 1631 u

343 1676 395 1739 23.
424 1674 515 1739 Fecit
544 1674 606 1741 hoo
638 1675 806 1758 episeopus
840 1674 998 1757 quondam
1027 1675 1254 1759 'thagastensis
1285 1675 1446 1752 eeclesiae,

297 1781 424 1846 Firmus
453 1781 588 1860 nomine,
612 1780 732 1846 firmior
753 1780 929 1847 uoluntate.
967 1801 1041 1847 nam
1074 1800 1147 1847 oum
1179 1781 1218 1847 ab
1252 1800 1289 1849 eo
1323 1801 1446 1865 quaere-

297 1889 384 1953 retur
411 1887 505 1953 homo
533 1888 626 1952 iussu
653 1887 853 1971 imperatoris
881 1907 936 1970 per
964 1886 1157 1970 apparitores
1186 1886 1224 1951 ab
1254 1906 1291 1953 eo
1320 1888 1445 1958 missos,

298 2013 391 2076 quem
415 1993 455 2059 ad
478 2013 513 2058 se
536 1992 773 2077 confugientem
794 1993 959 2078 diligentia
977 1996 1095 2075 quanta
1111 1996 1238 2077 poterat
1255 1994 1445 2069 occultabat,

296 2099 463 2183 respondit
499 2099 723 2181 quaerentibus
752 2118 809 2165 neo
840 2100 967 2165 mentiri
999 2120 1034 2165 se
1065 2120 1160 2184 posse
1193 2119 1251 2165 neo
1288 2101 1444 2167 hominem
1461 2124 1480 2159 u

297 2206 427 2289 prodere
455 2225 632 2289 passusque
661 2210 727 2271 tam
755 2206 859 2272 multa
886 2210 1043 2271 tormenta
1070 2206 1212 2289 corporis
1236 2244 1281 2253 -—
1307 2207 1442 2273 nondum

297 2312 381 2377 euim
409 2316 497 2378 eraut
518 2313 725 2395 imperatores
753 2313 919 2379 christiani
946 2350 990 2359 -
1017 2312 1193 2397 permansit
1219 2314 1250 2378 in
1280 2314 1441 2379 sententia.

296 2418 408 2483 deiude
431 2418 471 2483 ad
492 2420 716 2501 imperatorem
739 2420 856 2485 duetus
881 2438 982 2502 usque
1006 2420 1083 2485 adeo
1108 2420 1264 2485 mirabilis
1291 2421 1440 2503 adparuit.

297 2528 333 2589 ut
354 2526 424 2607 ipse
447 2526 579 2603 homini,
599 2545 692 2607 quem
712 2525 870 2604 seruabat,
888 2525 1121 2610 indulgentiam
1140 2526 1208 2591 sine
1227 2527 1294 2591 ulia
1312 2526 1439 2593 difficul-

296 2633 361 2695 tate
379 2631 559 2713 inpetraret.
584 2631 660 2714 quid
683 2630 744 2695 hoo
761 2631 830 2696 fieri
848 2635 956 2715 potest
973 2631 1087 2695 fortius
1107 2632 1210 2713 adque
1225 2632 1437 2697 constantius?
1453 2652 1475 2690 a

295 2736 351 2801 sed
374 2736 419 2801 ait
443 2737 612 2820 quiequam
634 2737 791 2803 timidior:
819 2742 948 2821 paratus
973 2756 1043 2803 esse
1064 2757 1199 2820 possum
1223 2738 1263 2803 od
1286 2738 1437 2821 quaelibet

294 2842 423 2909 ferenda
452 2848 612 2910 tormenta
642 2845 696 2910 uel
729 2846 825 2910 etiam
853 2848 988 2910 mortem
1017 2844 1206 2924 obeundam,
1235 2865 1274 2910 ne
1302 2864 1434 2930 peretur:

295 2968 367 3014 oum
396 2952 503 3016 antem
529 2956 695 3034 peecatum
723 2971 785 3018 nou
815 2950 925 3017 sitite
948 2952 1084 3028 mentiri,
1109 2955 1147 3017 ut
1168 2970 1272 3035 neque
1296 2952 1432 3035 cuiqnam

295 3053 382 3120 obsis
405 3074 507 3138 neque
524 3056 643 3121 falsum
661 3056 883 3122 testimonium
902 3056 988 3121 dieas
1008 3061 1040 3123 et
1057 3058 1161 3141 prosis
1180 3058 1288 3135 alicui,
1308 3058 1432 3123 stultum

295 3163 404 3225 estet
431 3181 527 3246 graue
555 3164 723 3246 peooatum
750 3163 932 3227 uoluntaria
958 3164 1076 3229 frustra
1103 3166 1262 3230 sustinere
1289 3170 1432 3231 tormenta
1449 3182 1472 3221 e

295 3272 327 3332 et
357 3268 503 3334 fortassis
535 3269 648 3333 utilem
682 3268 820 3335 salutem
844 3289 881 3335 ao
908 3270 1009 3337 uitam
1036 3270 1198 3337 ineassum
1227 3270 1430 3337 saeuientibus

293 3372 443 3456 proicere.
480 3394 499 3439 a
526 3394 588 3459 quo
617 3394 744 3459 quaero,
768 3396 826 3441 our
848 3377 969 3455 timeat,
995 3378 1080 3460 quod
1103 3378 1260 3463 seriptum
1284 3382 1345 3445 est:
1369 3374 1429 3440 ial-

383 3651 417 3703 27
435 3650 483 3704 Ex.
503 3651 548 3715 20,
569 3652 601 3704 16

330 3773 477 3844 11ιιιίιιεγ
559 3774 788 3838 commisseratS
875 3776 964 3831 thoe
982 3793 1034 3833 om,
1053 3776 1156 3845 SFE't
1238 3782 1267 3833 et
1284 3778 1423 3849 priusquam

291 3862 401 3934 MEbsp
439 3863 759 3933 tsine-intellegieia
776 3882 827 3935 my.
847 3864 877 3919 F
915 3864 1065 3935 8effugies
1087 3868 1114 3931 (ιι
1133 3882 1167 3921 eoa
1185 3866 1250 3933 DS
1291 3870 1320 3922 11
1340 3866 1423 3933 nagr-

292 3950 378 4003 seusis
395 3950 488 4005 SPE
502 3953 705 4020 thagateuaisi
761 3955 794 4007 12
813 3954 966 4009 uolurutete
984 3954 1013 4010 R
1069 3956 1101 4009 13
1122 3956 1221 4010 missus
1238 3956 1280 4011 R¹
1296 3956 1378 4011 missis
1389 3946 1423 4005 11ι

294 4040 325 4091 14
346 4038 568 4109 coniugentemp
625 4041 657 4095 15
677 4057 706 4094 se
725 4040 820 4097 om.R
876 4044 908 4096 16
927 4046 984 4097 tarn
1004 4058 1056 4098 om.
1074 4043 1185 4117 MRtpp
1204 4037 1424 4110 tamFmE

293 4128 325 4179 17
345 4127 435 4181 sentia
451 4126 497 4181 Μι
587 4129 622 4183 20
641 4129 739 4183 iortius
757 4130 852 4203 fierip
945 4134 1036 4201 potest
1055 4148 1105 4187 om.
1124 4132 1206 4207 Rue
1297 4136 1328 4189 21
1346 4129 1420 4198 adque

291 4214 360 4268 libat
377 4214 405 4271 R
486 4216 521 4269 22
540 4219 677 4271 tormenta
695 4218 840 4288 ferendap
921 4222 955 4275 23
975 4237 1057 4290 quum
1076 4220 1114 4277 M
1184 4224 1218 4279 26
1239 4228 1268 4291 et
1286 4222 1416 4287 iuuene

291 4302 473 4357 seruientibus
490 4304 554 4360 MR
571 4305 755 4360 seruientibus
773 4308 804 4361 E
856 4310 889 4362 27
909 4326 978 4380 quur
995 4310 1059 4366 MR
