3109 4959
302 420 366 486 658
660 416 687 468 S.
715 415 853 468 Aureli
881 413 1098 483 Augustini

238 643 240 648 v
301 614 340 676 te
377 629 421 675 ne
460 609 672 674 scrutatus
710 606 852 683 fueris,
890 606 959 670 sed
992 625 1092 688 quae
1125 604 1205 670 tibi
1237 606 1449 688 proecepit

302 717 498 794 domiuus,
527 715 602 779 ille
636 713 775 798 cogita
804 731 969 794 semper,
999 711 1033 776 id
1061 712 1157 777 etiem
1187 713 1349 796 gratanter
1372 713 1449 778 ucci-
1554 767 1555 816 3

301 843 418 906 perem.
442 840 504 887 uon
528 821 612 888 onim
634 839 753 902 paruus
777 823 828 884 est
851 819 986 896 fructus,
1010 819 1039 884 si
1062 819 1170 901 aliquo
1193 817 1330 882 obscure
1352 821 1386 884 et
1407 818 1450 882 iu·
1554 831 1555 838 ’

302 931 396 1008 certa,
430 947 510 1012 quae
539 926 791 1010 conprehendere
818 943 879 990 uon
908 925 1066 1002 ualemus,
1095 926 1215 989 clarum
1243 924 1360 988 saltem
1389 943 1451 989 cer-

300 1039 434 1118 tumque
463 1033 505 1099 sit
532 1033 622 1098 nobis
651 1051 711 1097 uon
740 1051 812 1098 esse
840 1030 1027 1115 quaerenda,
1060 1035 1092 1096 et
1120 1029 1206 1112 quod
1228 1031 1487 1114 uuusquisques

301 1142 373 1207 uult
404 1141 525 1206 discere
549 1143 663 1223 putans
694 1139 845 1222 prodesse
875 1138 904 1203 si
935 1137 1027 1217 sciat,
1051 1137 1154 1202 discat
1183 1157 1244 1202 nou
1276 1137 1402 1214 obesse,
1425 1137 1452 1202 si

301 1247 432 1313 nesciat.

346 1354 462 1420 XVIII.
487 1355 540 1418 22.
562 1350 650 1432 Quae
669 1371 741 1416 cum
759 1353 806 1416 ite
825 1351 900 1425 sint,
919 1368 980 1414 non
1000 1349 1220 1414 existimemus
1239 1350 1280 1415 sd
1296 1353 1450 1426 mortuos,

301 1481 356 1546 pro
382 1461 497 1542 quibus
523 1477 629 1523 curam
653 1459 804 1541 gerimus,
833 1456 1007 1541 peruenire,
1037 1456 1100 1522 nisi
1124 1456 1208 1539 quod
1230 1474 1287 1540 pro
1313 1457 1360 1522 eis
1384 1456 1452 1522 siue

302 1569 410 1633 altoris
439 1567 509 1631 siue
538 1565 715 1629 orationum
748 1565 817 1629 siue
851 1565 1103 1648 elemosynarum
1132 1563 1296 1628 secddciis
1325 1561 1451 1627 sollem-
1467 1589 1489 1628 o

301 1675 382 1740 niter
413 1672 642 1756 supplicemur,
679 1671 827 1754 quemuis
858 1691 920 1736 rrorr
953 1689 1008 1753 pro
1042 1670 1158 1752 quibus
1190 1669 1273 1734 fiunt
1304 1668 1451 1734 omnibus

301 1781 433 1866 prosint,
467 1778 523 1844 sed
554 1778 601 1844 eis
634 1781 758 1842 tantum
787 1777 904 1860 quibus
934 1776 1009 1840 dum
1037 1777 1154 1840 uiuunt
1182 1780 1385 1859 conparatur,
1416 1786 1452 1838 ut

301 1887 433 1970 prosint.
467 1884 523 1950 sed
551 1883 625 1967 quio
652 1903 713 1948 non
742 1883 964 1957 discernimus,
997 1883 1052 1965 qui
1081 1882 1154 1960 sint,
1187 1886 1315 1966 oportet
1338 1901 1375 1946 ea
1396 1901 1452 1964 pro

301 1992 494 2076 regeneratis
523 1990 669 2056 omnibus
697 1990 809 2069 fecere,
835 1993 872 2055 ut
898 1989 1006 2054 nullus
1033 2009 1142 2053 eorum
1170 1988 1452 2073 praetermittatur,

302 2099 341 2164 ed
370 2117 449 2181 quos
475 2100 553 2163 hoec
580 2095 732 2162 beneficia
759 2097 885 2180 possint
912 2099 944 2160 et
971 2095 1106 2161 debeant
1132 2096 1309 2179 peruenire.
1337 2095 1451 2160 melius
1468 2121 1490 2160 s

303 2205 386 2270 enim
420 2205 608 2286 supererunt
639 2203 703 2266 ists
735 2201 792 2276 eis,
830 2203 947 2284 quibus
978 2220 1035 2265 nec
1069 2201 1187 2266 obsunt
1218 2218 1276 2264 nec
1309 2203 1452 2283 prosunt,

303 2330 397 2394 quam
430 2311 476 2375 eis
509 2309 650 2388 deerunt,
689 2309 806 2391 quibus
839 2311 981 2393 prosunt.
1019 2308 1204 2392 diligentius
1236 2311 1346 2370 tamen
1378 2306 1454 2370 fecii

302 2419 379 2483 haec
407 2418 541 2501 quisque
569 2436 625 2500 pro
655 2415 842 2481 necessariis
872 2416 950 2493 suis,
978 2433 1040 2498 quo
1064 2433 1121 2496 pro
1144 2414 1201 2478 illo
1225 2411 1283 2476 fiet
1306 2413 1454 2477 similiter

304 2544 321 2588 a
349 2523 426 2588 suis.
456 2523 577 2607 corpori
606 2527 713 2588 autem
736 2521 896 2586 humando
921 2521 1076 2604 quidquid
1098 2519 1290 2602 inpenditur,
1318 2523 1453 2584 nonest

302 2629 496 2714 praesidium
528 2628 653 2708 salutis
687 2628 743 2694 sed
766 2628 973 2693 humanitatis
997 2627 1139 2692 officium
1162 2626 1342 2691 secuudum
1363 2626 1454 2690 ailoe·
1470 2655 1493 2694 s

303 2742 383 2812 tum,
414 2755 476 2818 quo
505 2755 616 2800 nemo
646 2755 829 2818 umquam
859 2753 1014 2800 carnem
1049 2753 1160 2798 suam
1194 2732 1285 2798 odio
1319 2733 1453 2798 habet

304 2843 386 2908 uude
415 2845 543 2934 oportet
567 2861 587 2906 u
626 2860 721 2924 quom
744 2844 851 2924 potest
874 2861 930 2924 pro
955 2859 1046 2906 carne
1064 2839 1199 2922 proximi
1221 2858 1330 2904 curam
1355 2843 1454 2923 geret.

393 3031 668 3102 nmmos

342 3167 353 3218 l
375 3164 537 3218 scruteuerie
556 3163 672 3216 TMAE
742 3163 882 3232 praecepit
899 3161 952 3215 tibi
966 3161 1179 3216 BTMAErod
1249 3167 1411 3232 preceperat
1424 3161 1457 3215 X

304 3254 448 3321 tsultem]
469 3267 534 3306 sene
552 3252 583 3306 Ε
643 3249 756 3305 duobis
775 3251 848 3320 siit
903 3251 962 3306 dsi
981 3251 1060 3320 sciat]
1081 3250 1190 3305 sios-I
1258 3251 1350 3306 discet
1366 3251 1459 3308 conl

305 3343 399 3396 abesse
422 3341 457 3395 Τ1
529 3340 546 3394 8
565 3340 671 3408 Incipit
690 3340 748 3394 cod.
767 3341 800 3394 X
872 3340 905 3394 10
924 3340 1076 3394 orationum
1094 3340 1233 3394 sacrifieiis
1251 3341 1312 3394 siue
1331 3341 1457 3395 elemosi-

304 3448 398 3485 narum
417 3429 574 3484 muneribus
592 3429 761 3482 sollemniter
779 3429 963 3500 supplicamus
981 3429 1012 3483 E
1090 3429 1297 3483 elemosinarum
1322 3430 1460 3485 ΤΙΖΚΜ

304 3515 491 3584 ArduVYRp
520 3517 733 3588 elemosynarum
752 3517 813 3571 BN
834 3518 1075 3572 aeluenrosinorum
1093 3519 1126 3570 X
1230 3518 1413 3588 solempniter
1431 3519 1461 3574 F

305 3605 536 3677 sollempniterV
613 3607 643 3660 11
664 3623 718 3660 non
737 3607 781 3660 Iris
799 3607 830 3660 E
901 3607 934 3659 12
953 3606 1002 3677 eis]
1021 3606 1064 3659 his
1083 3605 1349 3661 BTEI'AKMYR
1366 3607 1458 3676 lriisss

304 3697 339 3750 iis
358 3695 395 3750 bd
475 3713 522 3766 pro
543 3695 641 3765 quibus
660 3695 724 3764 Eup
806 3695 869 3749 dum
888 3694 986 3748 uiuunt
1004 3711 1056 3749 om.
1076 3694 1107 3748 X
1190 3701 1385 3764 comparantur
1401 3697 1458 3750 Rs

307 3787 339 3840 14
359 3786 494 3854 generetis
519 3785 691 3853 Vregeratis
714 3784 743 3839 Y
805 3786 838 3838 15
857 3784 963 3852 possint
980 3784 1048 3838 haec
1066 3783 1199 3837 beneficis
1220 3783 1247 3836 T
1306 3786 1344 3838 16
1362 3801 1458 3855 super·

306 3874 410 3929 estIZ
481 3890 514 3928 ne
528 3871 618 3942 find
657 3873 689 3926 17
710 3871 824 3926 deerant
842 3873 886 3925 ΙΖ
957 3872 1024 3926 haec
1043 3871 1157 3925 facitll'
1195 3871 1228 3925 18
1246 3871 1316 3941 suis]
1337 3874 1409 3926 rueis
1427 3873 1460 3928 K

306 3963 378 4032 quod
396 3959 748 4016 ΒΝΤΙΖΚΜΑΕΥΧῈἾ
836 3977 885 4030 pro
904 3961 964 4030 illo]
984 3960 1124 4030 petillius
1147 3960 1176 4014 Υ
1254 3960 1325 4014 fiunt
1349 3962 1460 4029 VRsoc

308 4051 340 4104 19
360 4067 471 4121 corpora
490 4051 521 4103 X
599 4051 715 4104 humano
734 4049 883 4104 BMAEF
961 4049 1090 4119 quicquid
1109 4049 1195 4103 AEX
1275 4049 1329 4120 est]
1349 4067 1411 4104 esse
1430 4051 1460 4104 X

306 4138 342 4192 20
360 4139 476 4193 offitium
494 4138 524 4191 Ε
610 4141 642 4192 21
665 4155 717 4208 qus
736 4139 765 4192 X
873 4138 1010 4208 umquam]
1031 4147 1169 4209 questique
1189 4137 1220 4190 X
1319 4137 1407 4194 hodio
1425 4139 1460 4192 Μ

306 4227 403 4281 habult
420 4229 452 4280 N
503 4229 537 4280 22
557 4229 648 4297 quam]
669 4229 716 4297 qui
734 4229 765 4282 X
819 4230 912 4298 potest
929 4227 1010 4280 homo
1028 4227 1058 4280 E
1110 4228 1224 4297 proximi
1242 4243 1292 4296 pro
1312 4243 1395 4281 carne
1415 4229 1459 4282 12

306 4331 411 4368 carnem
430 4315 462 4368 N
