3109 4959
276 405 341 495 382
632 423 659 484 S.
688 405 1069 497 Aurelirtugustini

276 624 454 686 statuerant
486 621 640 685 detineri?
686 619 714 686 si
746 623 854 684 autem
886 619 925 684 ab
957 620 1014 684 illa
1045 619 1264 704 desperatione
1295 622 1428 688 recreati

276 728 438 812 potuerint
470 729 591 806 uiuere,
630 730 686 792 aut
722 727 850 804 facient,
888 727 973 810 quod
1009 730 1196 803 statuerant,
1235 731 1293 792 aut
1323 729 1428 793 edocti

276 835 539 919 obtemperabunt
571 837 626 899 aut
658 835 697 898 de
730 833 1002 915 contemptoribus
1029 833 1095 911 fiet,
1123 833 1219 916 quod·
1235 834 1305 898 fieri
1332 835 1428 900 etiam

276 939 314 1006 de
342 941 511 1023 baptizatis
540 941 658 1005 talibus
688 940 791 1005 debet.
831 959 912 1023 quae
939 946 1047 1004 autem
1074 940 1290 1024 baptismatis,
1318 941 1429 1006 eadem

274 1048 541 1113 reconciliationis
571 1049 620 1111 est
643 1065 748 1124 causa,
772 1047 801 1112 si
823 1046 904 1112 forte
927 1047 1141 1129 paenitentem
1163 1046 1320 1112 finiendae
1342 1048 1429 1112 uitae
1457 1072 1471 1113 s

275 1153 453 1237 perieulum
481 1153 770 1236 praeoccupauerit.
808 1171 867 1217 nec
892 1154 980 1236 ipsos
1009 1153 1092 1217 enim
1120 1173 1157 1217 ex
1183 1153 1244 1217 hac
1268 1153 1339 1218 uita
1361 1155 1429 1219 sinc

275 1279 345 1325 ana
367 1279 443 1325 suae
465 1260 553 1342 pacis
578 1260 660 1324 exire
683 1259 765 1324 uelle
791 1259 885 1324 debet
907 1263 1008 1324 mater
1030 1259 1175 1324 ecclesia.

663 1449 789 1503 L1BER
808 1448 1037 1504 SECVNDVS.

320 1560 345 1624 Ι.
372 1561 400 1623 1.
425 1559 474 1623 Ad
503 1577 548 1635 ea,
577 1577 657 1641 quae
680 1558 759 1622 mibi
782 1557 965 1639 scripseras,
989 1559 1085 1622 frater
1106 1559 1255 1643 religiose
1277 1559 1428 1635 Pollenti,

276 1667 340 1730 iam
363 1665 586 1748 rescripseram
610 1684 673 1730 non
696 1683 833 1748 paruum
856 1665 1006 1729 uolumen
1027 1665 1064 1728 de
1082 1665 1145 1743 his,
1164 1665 1218 1747 qui
1241 1665 1429 1730 uiuentibus
1446 1696 1472 1734 m

276 1772 465 1857 coniugibus
490 1771 557 1836 suis
582 1772 652 1836 aliis
677 1771 876 1855 copulantur.
910 1773 995 1855 quod
1018 1792 1092 1837 cum
1115 1773 1311 1838 innotuisset
1333 1773 1429 1838 dilec-

275 1880 355 1944 tioni
382 1882 469 1955 tuae,
496 1877 646 1944 addidisti
675 1879 782 1960 aliqua
809 1879 849 1942 ad
875 1879 1020 1943 libellum
1048 1883 1151 1957 tuum,
1180 1880 1278 1944 etiam
1303 1880 1353 1944 his
1376 1899 1429 1944 me

274 1986 465 2068 respondere
494 1981 684 2050 desiderans.
727 1985 784 2050 sed
811 2005 884 2050 cum
912 1987 1015 2051 facere
1042 1986 1253 2070 disponerem,
1282 1987 1428 2052 addendo

276 2099 308 2158 et
336 2113 395 2179 ego
423 2094 462 2158 ad
490 2114 608 2172 meum,
636 2094 680 2158 ita
709 2096 746 2157 ut
772 2113 856 2158 unus
880 2094 961 2158 liber
983 2097 1069 2159 esset
1091 2095 1187 2160 etiam
1209 2094 1429 2176 responsionis

275 2221 374 2278 meae,
397 2204 526 2284 repente
549 2199 630 2265 illud
655 2199 775 2265 editum
800 2202 860 2277 est,
885 2201 968 2283 quod
993 2201 1193 2266 absolueram
1214 2202 1317 2282 prius,
1339 2201 1428 2286 flagi·
1446 2229 1470 2269 a

274 2308 418 2371 ‘rantibus
450 2307 601 2372 iratribus
634 2309 667 2370 et
693 2305 921 2384 nescientibus,
948 2308 1032 2389 quod
1060 2306 1163 2371 adhuc
1191 2307 1314 2388 aliquid
1341 2313 1430 2372 esset

276 2413 464 2478 addendum.
489 2413 562 2477 hinc
585 2413 705 2476 sactum
725 2415 786 2489 est,
805 2416 841 2477 ut
864 2413 963 2478 altero
982 2433 1124 2479 seorsum
1144 2415 1301 2496 opusculo
1319 2413 1360 2478 ad
1378 2432 1429 2490 ea,

274 2539 356 2603 quae
384 2519 545 2597 addidisti,
572 2519 761 2602 respondere
789 2518 992 2602 conpelleret.
1018 2539 1081 2584 uon
1104 2523 1211 2584 autem
1236 2539 1317 2603 quae
1340 2519 1428 2584 addi-

313 2819 326 2871 1
347 2817 376 2870 hi
396 2819 549 2870 statuerant
567 2817 594 2872 R
658 2819 748 2870 autern
767 2833 819 2870 om.
843 2816 896 2879 Vs,
915 2834 936 2871 s.
957 2817 975 2871 1.
995 2818 1026 2870 N
1073 2815 1211 2871 arserant
1228 2815 1255 2868 T
1316 2817 1385 2886 quid
1403 2818 1431 2870 P

275 2909 431 2980 statuerunt
454 2904 491 2958 bd
599 2904 701 2974 edocti]
722 2921 753 2958 eo
779 2905 852 2958 docti
880 2906 905 2958 Τ
926 2909 989 2959 ante
1013 2905 1087 2959 docti
1109 2905 1147 2958 M
1260 2905 1277 2957 3
1300 2905 1352 2958 fiat
1373 2906 1431 2960 BP

275 2994 495 3062 realemque
513 2993 541 3046 B
644 2993 767 3062 dipsum
786 2993 863 3048 VES
959 2993 1074 3048 larrba
1092 2993 1129 3048 bd
1253 2994 1433 3048 aecclesiaE

276 3082 394 3152 Explicit
416 3081 485 3136 liber
508 3083 608 3151 primus
632 3081 666 3135 ad
685 3081 852 3136 Pollentiam
875 3082 909 3136 de
928 3082 1089 3136 adulterinis
1108 3082 1244 3151 coniugiis
1261 3083 1291 3135 B
1307 3081 1431 3151 Explicit

274 3169 345 3224 liber
367 3172 468 3240 primus
492 3170 525 3224 de
550 3169 710 3224 adulterinis
734 3170 903 3240 coniugibus.
922 3159 961 3226 sci
979 3173 1127 3241 Augustini
1145 3171 1180 3226 sd
1198 3172 1368 3226 Pollentiam
1388 3174 1429 3226 iu·

275 3259 344 3328 cipit
368 3259 526 3313 retractatio
553 3258 698 3314 eorundem
723 3258 852 3313 librorum
879 3260 981 3330 Incipit
1005 3261 1076 3315 liber
1099 3261 1234 3316 secundus
1258 3261 1309 3329 sol.
1328 3261 1388 3315 62⁸
1407 3263 1433 3316 T

274 3345 377 3416 Incipit
399 3347 467 3400 liber
487 3345 520 3418 if·
540 3345 573 3399 de
602 3347 653 3400 hoc
677 3364 757 3416 opere
781 3347 815 3401 ad
839 3347 953 3402 eundem
982 3347 1008 3400 V
1028 3347 1146 3418 Explicit
1166 3348 1237 3402 liber
1262 3349 1368 3418 primus
1395 3347 1429 3402 de

276 3435 435 3489 adulterinis
455 3435 588 3504 coniugiis
606 3437 656 3504 fol.
677 3439 728 3488 32·
745 3437 775 3490 Ε
790 3435 910 3504 Explicit
927 3436 998 3489 liber
1015 3437 1117 3506 primus
1135 3435 1170 3490 de
1184 3437 1346 3490 adulterinis
1362 3455 1429 3491 con·

274 3525 366 3593 iugiis.
385 3525 433 3578 Inc
451 3525 608 3578 retractatio
629 3524 774 3578 eomndem
792 3525 921 3578 libromm
940 3525 990 3592 fol.
1005 3527 1054 3578 19·
1069 3525 1106 3579 M
1120 3525 1170 3594 fol.
1185 3527 1250 3578 118·
1266 3525 1290 3579 S
1303 3523 1430 3596 Explicit

274 3613 345 3666 liber
362 3613 472 3683 primus.
491 3611 539 3666 Iud
556 3612 626 3666 liber
644 3613 777 3666 secundus
795 3614 845 3681 sol.
867 3615 918 3668 36b
935 3614 962 3669 R
980 3615 1099 3683 Explicit
1116 3614 1185 3668 liber
1202 3615 1304 3684 primus
1322 3613 1359 3668 dc
1380 3615 1430 3669 ad-

276 3702 400 3756 ulterinis
416 3701 548 3771 coniugiis
561 3703 611 3769 fol.
629 3701 679 3755 69⁵
694 3701 724 3756 N
737 3701 857 3772 Explicit
874 3703 976 3773 primus
994 3703 1072 3757 liber.
1086 3703 1134 3756 Int
1151 3703 1283 3757 secundus
1302 3702 1429 3758 ciusdem

276 3791 309 3843 de
329 3789 422 3844 eadem
442 3807 470 3843 re
490 3789 524 3843 ad
544 3791 658 3845 eundern
677 3791 705 3844 P
760 3792 943 3860 decripsistis
961 3793 989 3845 P
1041 3792 1126 3846 frater
1142 3792 1227 3847 frater
1244 3792 1282 3846 Μ
1328 3793 1367 3846 10
1387 3811 1430 3847 re·

275 3879 414 3948 scripseris
437 3879 509 3932 ΒΨ
528 3879 703 3943 rescribseras
725 3879 751 3932 T
772 3881 948 3949 rescripseras
969 3881 1001 3934 Ε
1104 3881 1157 3934 hiis
1180 3881 1209 3933 P
1229 3882 1327 3950 quites
1354 3887 1390 3947 (s.
1410 3883 1431 3938 1.
1552 3930 1553 3961 ,

275 3967 328 4034 bis)
351 3967 376 4020 T
429 3969 461 4022 13
480 3967 596 4021 facerem
610 3967 648 4020 Pt
700 3969 1434 4039 14unus1n0nnurrusruunuumfflunusrm

277 4057 310 4110 15
330 4055 444 4124 aditum]
466 4055 566 4109 dictum
585 4055 753 4111 BTVENS
823 4057 990 4111 absoluerem
1012 4057 1183 4113 TVEMNS
1244 4060 1277 4112 16
1295 4057 1431 4114 fratribus

274 4144 342 4198 meis
359 4144 388 4199 R
406 4145 535 4198 iratribus
554 4146 655 4198 nostris
674 4143 712 4199 Sb
783 4147 968 4200 nescientibus
986 4148 1087 4201 nostris
1109 4147 1229 4201 TEMN
1281 4147 1313 4201 l'l
1333 4153 1431 4203 atten-

276 4233 392 4286 dendum
415 4232 491 4288 VES
507 4233 709 4302 adtendendum
729 4234 762 4288 N
816 4243 922 4298 seorsus
940 4235 974 4289 N
988 4251 1094 4290 seorsus
1112 4234 1275 4290 PB¹VEM
1329 4237 1365 4291 18
1379 4237 1431 4292 ad-

275 4321 370 4375 didisti
389 4321 549 4392 respondere
568 4322 596 4374 P
743 4341 746 4346 ’
