3109 4959
268 469 330 531 552
622 463 650 518 S.
677 464 814 517 Aureli
842 465 1061 533 Augustini

269 679 397 725 sumus
427 659 578 742 paruuli
605 659 643 722 in
671 659 793 724 medio
817 662 998 736 uestrum,
1021 662 1212 742 tamquam
1236 661 1267 724 si
1291 661 1423 725 nutrix

267 769 396 831 foueat
429 767 537 830 filios
571 785 666 831 suos.
709 785 782 829 nam
817 765 885 830 eius
914 765 1155 830 circumstantia
1181 767 1328 831 lectionis
1358 767 1425 830 hoc

268 874 395 938 indicat.
419 891 538 955 neque
562 872 668 948 enirn,
687 871 803 954 inquit,
824 871 1026 952 aliquando
1050 871 1084 936 in
1106 891 1274 937 sermone
1292 873 1425 937 adula-

268 980 385 1045 tionis
410 980 562 1055 fuimus‚
587 979 690 1044 siout
713 978 836 1056 scitis,
855 997 975 1060 neque
998 978 1034 1042 in
1056 978 1256 1043 occasione
1274 980 1425 1062 cupidi·

267 1087 373 1167 tatis,
398 1087 489 1150 deus
513 1085 629 1151 testis
653 1088 862 1168 estusque
886 1087 1112 1166 quaerentes
1136 1085 1178 1150 ab
1199 1087 1425 1150 hominihus
1457 1105 1471 1143 ε

269 1191 436 1277 gloriam,
461 1211 579 1274 neque
604 1210 622 1254 a
645 1190 754 1256 uobis
779 1210 899 1273 neque
923 1190 966 1256 ah
990 1191 1090 1267 aliis,
1115 1211 1195 1256 cum
1218 1211 1426 1276 possemus

269 1299 372 1364 oneri
395 1299 506 1364 nohis
531 1317 614 1363 esse
638 1301 678 1362 ut
704 1297 849 1363 Christi
872 1296 1054 1380 apostoli;
1083 1298 1147 1362 sed
1170 1298 1262 1363 iacti
1287 1319 1425 1364 snmus

268 1407 421 1490 paruuli
450 1407 485 1470 in
515 1405 636 1470 medio
666 1409 846 1481 uestrum,
870 1406 1058 1485 tamquam
1084 1405 1117 1468 si
1140 1405 1265 1468 nutrix
1286 1406 1426 1470 foueat

268 1513 377 1580 filios
406 1533 507 1579 suos.
547 1511 629 1594 quod
655 1529 728 1594 ergo
754 1510 792 1574 ad
817 1510 997 1576 Corinthios
1021 1511 1110 1587 dicit,
1134 1511 1248 1576 habere
1271 1531 1305 1576 se
1328 1517 1425 1595 pote-

269 1623 383 1684 statem
409 1619 608 1701 apostolatus
633 1617 693 1692 sui,
718 1617 804 1681 sicut
826 1620 859 1680 et
881 1616 977 1680 ceteri
1000 1616 1149 1699 apostoli,
1173 1635 1235 1699 qua
1255 1620 1425 1700 potestate
1445 1641 1472 1678 ιο

268 1745 363 1790 usum
392 1745 426 1790 se
453 1743 514 1789 non
540 1742 609 1789 esso
632 1727 779 1800 testatur,
803 1723 864 1787 hoc
887 1723 982 1786 etiam
1005 1722 1069 1786 isto
1092 1723 1163 1786 loco
1187 1722 1225 1786 ad
1248 1723 1425 1788 Thessalo·

269 1833 411 1898 nicenses
436 1831 494 1896 ait:
520 1850 600 1894 cum
626 1848 823 1913 possemus
848 1829 952 1894 oneri
975 1829 1085 1894 uobis
1109 1848 1193 1894 esse
1211 1832 1253 1892 nt
1271 1828 1423 1895 Christi

270 1937 450 2023 apostoli,
479 1935 654 2000 secundum
683 1933 768 2015 qnod
792 1933 939 1998 dominus
964 1933 1057 1999 dicit:
1082 1933 1219 2016 diguus
1249 1938 1306 1998 est
1336 1954 1424 2018 ope

269 2045 390 2110 rarius
419 2041 589 2107 mercede
618 2061 694 2106 sua.
737 2060 810 2105 nam
838 2040 913 2104 hinc
940 2058 1011 2105 eum
1041 2040 1145 2105 dicere
1175 2040 1256 2104 illud
1285 2041 1423 2119 indicat,

270 2151 354 2234 quod
374 2148 612 2234 supraposuit:
632 2167 751 2231 neque
776 2148 812 2211 in
837 2147 1037 2213 occasione
1062 2147 1300 2229 cupiditatis,
1325 2147 1425 2212 deus
1447 2171 1472 2210 n

269 2257 384 2323 tostis
410 2260 476 2323 est.
502 2275 557 2338 per
580 2255 640 2320 hoc
665 2254 748 2318 enim
768 2254 851 2336 quod
870 2255 939 2318 iure
959 2253 1116 2318 dominico
1137 2252 1309 2318 debehatur
1328 2244 1435 2319 honis

269 2363 485 2448 euangelistis,
510 2381 572 2427 non
599 2364 727 2444 propter
750 2360 811 2425 hoo
834 2361 1139 2445 euangelirantihua
1163 2359 1220 2424 sed
1243 2361 1429 2443 quaerenti·

268 2472 329 2535 hus
351 2489 484 2554 regnum
509 2469 569 2546 dei,
594 2471 631 2532 ut
653 2468 731 2532 haec
754 2469 860 2532 omnia
883 2467 1114 2550 adponerentur
1136 2467 1193 2545 eis,
1216 2468 1429 2534 inueniebant

270 2577 324 2642 alii
348 2577 557 2653 occasionem,
577 2575 616 2639 de
640 2573 756 2657 quibus
776 2575 862 2638 idem
882 2574 973 2639 dicit:
997 2594 1117 2657 neque
1141 2575 1237 2638 enirn
1260 2575 1329 2638 isti
1355 2575 1426 2639 deo

270 2683 452 2760 seruiunt,
473 2681 537 2747 sed
562 2700 628 2745 suo
648 2680 784 2745 uentri.
805 2681 920 2763 quihus
939 2681 1019 2744 hano
1039 2681 1236 2745 occasionem
1255 2686 1427 2763 amputare
1446 2703 1474 2741 so

270 2790 398 2855 uolebat
425 2790 600 2870 apostolus,
624 2791 660 2852 ut
688 2787 782 2850 etiam
812 2787 898 2869 quod
924 2788 986 2852 sihi
1013 2787 1098 2852 iuste
1126 2787 1301 2851 debehatur
1330 2788 1428 2851 ornit-

270 2900 359 2961 teret.
385 2899 492 2979 aperte
512 2894 628 2978 quippe
647 2894 707 2958 hoo
726 2893 796 2977 ipse
816 2893 957 2959 ostendit
974 2894 1004 2958 in
1025 2892 1163 2958 secunda
1177 2893 1215 2957 ad
1231 2891 1427 2971 Corinthios,

271 3004 309 3068 ah
333 3003 404 3067 eliis
434 3002 578 3068 ecelesiis
607 3000 772 3083 suppletas
802 3001 910 3064 dicens
938 2999 1145 3065 necessitates
1173 3017 1259 3064 suas.
1293 3004 1429 3064 uenerat

271 3109 365 3188 enim,
391 3109 475 3173 siout
502 3107 641 3190 adparet,
666 3106 704 3169 ad
728 3107 849 3170 tantam
872 3105 1091 3189 indigentiam,
1115 3109 1153 3169 ut
1175 3105 1213 3168 de
1236 3105 1427 3189 longinquis

271 3216 415 3281 ecclesiis
443 3217 472 3281 ei
500 3215 678 3281 necessaria
706 3214 917 3291 mitterentur,
946 3213 1022 3277 dum
1048 3215 1156 3277 tamen
1185 3213 1223 3276 ab
1253 3212 1310 3290 eis,
1339 3210 1426 3294 apud
1445 3234 1472 3271 ι»

360 3441 521 3497 31Thess.
540 3442 566 3504 2,
585 3443 654 3496 5-2
731 3439 990 3505 12IThess.2‚6
1064 3441 1097 3493 13
1116 3439 1181 3493 Luc.
1202 3440 1281 3503 lot
1358 3438 1423 3494 151

271 3531 445 3594 Thess.2‚5
502 3532 534 3584 19
554 3531 631 3584 Rom.
653 3531 694 3592 16,
716 3531 748 3584 18

308 3655 481 3725 lperuoliq
566 3653 637 3708 medi
656 3655 684 3708 A
775 3657 930 3708 2nam—9
947 3672 1011 3709 suos
1030 3670 1081 3708 om.
1105 3653 1269 3710 CLOFBN
1353 3654 1378 3706 ei
1398 3653 1425 3704 A

272 3746 287 3798 3
307 3743 471 3797 adolationis
490 3743 530 3796 D¹
586 3745 602 3797 5
622 3743 655 3796 ah
675 3743 830 3797 hominihus
850 3746 993 3814 querentes
1011 3743 1049 3796 M
1111 3744 1126 3796 7
1147 3758 1205 3796 esse
1222 3747 1286 3809 post
1305 3740 1425 3810 apostoli

270 3833 302 3885 in
320 3831 357 3884 M
409 3829 520 3900 Christi]
541 3831 623 3885 ceteri
641 3833 667 3884 A
723 3833 830 3901 paruuli
847 3832 914 3885 facti
935 3849 1027 3885 sumus
1044 3832 1083 3885 M
1117 3830 1259 3900 8paruoli
1279 3830 1307 3883 P
1341 3828 1425 3897 sad]

273 3925 300 3974 et
318 3921 353 3974 ad
371 3919 616 3989 PLOVARDoq
689 3921 858 3975 chorinthios
876 3920 909 3974 N
978 3937 1007 3974 se
1025 3920 1126 3973 habere
1144 3919 1182 3973 Μ
1258 3918 1292 3972 10
1312 3923 1422 3988 aposto·

270 4009 329 4062 latu
353 4007 386 4060 V¹
471 4008 534 4076 quia
558 4008 583 4060 V
673 4010 703 4062 11
723 4009 752 4062 in
771 4009 825 4062 isto
849 4009 947 4062 Vmor
1026 4008 1090 4078 isto]
1110 4007 1214 4061 111οΜ
1291 4007 1424 4060 tesaloni·

272 4111 364 4148 censes
389 4095 465 4148 VLC
483 4097 712 4150 thesalonicenses
732 4095 855 4150 ABMN
934 4098 967 4152 12
986 4097 1029 4165 ut]
1049 4097 1122 4150 sicut
1138 4095 1177 4149 Μ
1258 4097 1292 4149 17
1310 4111 1422 4164 regnum

273 4183 316 4237 dei
336 4183 571 4253 quaerentibusN
609 4185 642 4238 18
662 4185 905 4255 apponerentan
940 4187 973 4239 19
992 4185 1076 4254 idem]
1097 4186 1164 4239 item
1182 4183 1237 4238 VD
1273 4186 1307 4238 21
1328 4183 1422 4238 nolen-

273 4271 346 4325 tibus
364 4273 400 4326 Μ
488 4274 522 4326 22
542 4274 569 4325 in
589 4273 706 4326 secunda
725 4273 842 4343 epistola
859 4273 893 4327 N
990 4273 1119 4327 corintios
1141 4271 1353 4326 Cohorinthios
1369 4272 1423 4326 to

273 4359 420 4414 corinthios
440 4359 557 4428 epistula
576 4360 739 4430 PVDMBq
796 4361 830 4416 25
850 4363 874 4414 ci
894 4377 946 4415 oni.
965 4360 1087 4414 PVDM
1158 4358 1209 4427 eis]
1229 4359 1274 4413 his
1288 4357 1420 4428 nunu:
