3109 4959
299 448 364 512 362
648 445 674 500 S.
705 445 843 500 Aureli
870 447 1091 515 Augustini

298 634 443 700 dominus
457 634 614 716 prohibet,
629 633 695 699 fieri
715 635 841 699 omnino
860 653 922 698 non
942 634 1029 699 licet.
1048 637 1158 701 monet
1176 655 1250 721 ergo
1270 640 1444 720 apostolus,

298 741 380 824 quod
408 741 512 824 possit
544 759 614 806 esse
647 741 821 806 multorum
854 741 979 806 occasio
1009 741 1245 818 lucrandorum,
1273 748 1312 808 ut
1337 744 1445 810 fideles
1549 800 1550 811 ,

297 849 448 932 coniuges
471 849 504 911 in
523 847 737 930 relinquendis
756 847 938 912 infidelibus
956 848 1113 931 permissa
1129 848 1256 914 licentio
1278 870 1339 916 non
1359 855 1444 916 utun-

295 959 357 1021 tur.
390 955 451 1018 tibi
484 957 591 1018 autem
625 953 752 1018 uidetur
779 953 924 1018 infideles
951 972 1077 1037 quoque
1104 955 1224 1020 dimitti
1253 977 1271 1020 a
1298 957 1445 1022 fidelibus

296 1078 357 1125 non
384 1061 489 1138 liuere,
515 1063 587 1145 quia
615 1063 676 1126 hoo
704 1063 794 1126 uetat
820 1062 996 1144 apostolus,
1021 1080 1093 1127 oum
1121 1080 1180 1146 ego
1209 1062 1313 1128 disum
1341 1065 1481 1135 licerer

298 1167 373 1249 quia
405 1167 465 1232 hoc
498 1188 558 1233 non
587 1171 686 1244 uetat,
715 1187 776 1233 nou
805 1172 912 1232 tamen
941 1167 1097 1251 expedire,
1125 1169 1288 1250 quiahoc
1317 1189 1356 1234 ne
1382 1170 1444 1245 fist,

296 1277 404 1340 monet
440 1275 619 1357 apostolus:
658 1275 713 1358 qui
745 1274 850 1338 reddit
882 1274 977 1338 etiam
1010 1275 1165 1340 rationem
1198 1295 1255 1340 cur
1285 1274 1357 1340 fieri
1388 1295 1444 1340 non
1549 1308 1550 1337 l

296 1381 450 1464 expediat,
475 1382 622 1464 quamuis
649 1382 754 1446 lioeut.
783 1381 881 1464 quid
905 1382 1007 1446 enim
1032 1382 1126 1461 sois,
1149 1382 1264 1466 iuquit,
1289 1384 1444 1460 mulier,

297 1487 331 1550 si
355 1489 485 1553 uirum
510 1489 669 1552 saluum
691 1488 850 1553 fusiss?
875 1491 945 1552 sut
967 1488 1071 1554 unde
1095 1489 1188 1566 sois,
1208 1491 1281 1567 uir,
1302 1490 1339 1554 si
1362 1507 1445 1556 uxo-

296 1613 375 1657 rem
396 1595 551 1658 saluom
571 1594 726 1659 facies?
750 1613 823 1659 cnm
843 1594 937 1659 etism
959 1596 1106 1677 superius
1126 1595 1274 1662 dixisset:
1300 1597 1444 1662 sanoti·
1460 1626 1482 1664 n

206 1734 209 1742 ·
296 1700 453 1766 fioatus
479 1706 542 1765 est
565 1701 670 1765 enim
693 1701 757 1765 uir
779 1700 971 1766 infidelis
994 1703 1033 1765 iu
1052 1721 1183 1777 uxore,
1202 1706 1243 1766 et
1261 1703 1444 1768 sanctifi-

296 1809 387 1871 oata
406 1811 468 1872 est
487 1808 635 1872 mulier
653 1807 846 1872 infidelis
865 1808 902 1872 in
922 1809 1061 1887 fratre,
1075 1810 1137 1873 boo
1151 1809 1248 1873 estin
1263 1809 1443 1884 enuntians,

297 1914 481 1996 alioquin
514 1913 600 1977 filii
629 1914 771 1989 uestri,
800 1914 916 1997 inquit,
944 1915 1125 1980 inmundi
1153 1919 1311 1991 essent3
1345 1934 1444 1979 nuno

295 2025 427 2084 erstem
462 2021 595 2086 saneti
629 2024 733 2085 suut.
767 2020 814 2085 sio
846 2020 887 2084 ed
915 2020 1085 2086 lucrandos
1118 2021 1270 2106 coniuges
1303 2025 1338 2086 et
1365 2021 1444 2086 filios

296 2125 421 2192 Christo
455 2127 549 2192 etiam
584 2127 745 2209 exemplis,
774 2145 856 2209 quoe
882 2127 945 2192 ism
973 2131 1192 2209 prouenerant,
1221 2127 1354 2192 uidetur
1377 2128 1482 2198 hor-15
1549 2146 1550 2217 ς

295 2237 392 2299 tutus.
427 2253 483 2298 our
510 2253 586 2318 ergo
609 2253 681 2299 nonw
695 2232 841 2316 expediet
863 2233 960 2297 etiam
983 2232 1126 2298 infideles
1150 2235 1304 2319 coniuges
1330 2234 1444 2299 dimitti
1549 2224 1550 2299 l

295 2359 312 2404 a
345 2339 504 2418 fidelibus,
534 2359 629 2404 eausa
657 2339 821 2404 euidenter
848 2358 996 2422 expressa
1023 2342 1083 2405 est.
1116 2358 1178 2405 nou
1208 2342 1292 2405 euim
1322 2343 1445 2424 propter

294 2446 458 2511 uinculum
492 2466 563 2511 oum
595 2447 715 2511 talibus
749 2446 915 2529 coniugale
948 2445 1150 2524 seruandum,
1180 2447 1236 2512 sed
1270 2450 1308 2510 ut
1341 2445 1445 2528 adqui·
1549 2468 1550 2481 ¹

293 2556 403 2618 rantur
429 2555 461 2618 in
491 2551 627 2632 Christo,
652 2552 757 2618 recedi
786 2552 825 2615 ab
853 2551 1035 2617 infidelibus
1063 2553 1254 2636 coniugibus
1283 2552 1444 2635 spostolus

295 2663 392 2724 uetat.
1318 2708 1323 2714 ·

339 2765 441 2832 XIIII.
473 2767 523 2830 15.
551 2766 657 2830 Multo
689 2770 765 2832 sunt
796 2770 903 2830 autem
935 2765 1081 2830 facienda
1113 2783 1173 2830 non
1206 2765 1339 2830 iubente
1366 2766 1443 2849 lege,

296 2871 351 2936 sed
382 2871 481 2936 libera
513 2872 658 2948 caritate;
693 2875 725 2936 et
757 2890 795 2936 es
826 2875 902 2936 sunt
934 2871 966 2935 iu
1000 2872 1118 2937 nostris
1152 2870 1266 2936 offioiis
1300 2872 1443 2956 gratiora,

295 2997 375 3060 quae
408 2997 479 3042 oum
511 2979 624 3043 liceret
655 2979 746 3042 nobis
780 2979 877 3043 etiam
908 2996 969 3042 non
1003 2978 1184 3063 inpendere,
1212 2984 1320 3044 tamen
1354 2997 1445 3044 eausa

297 3084 476 3150 dilectionis
500 3085 712 3169 inpendimus.
732 3083 815 3149 unde
835 3085 919 3168 prior
936 3086 1005 3169 ipse
1024 3085 1182 3162 dominus,
1202 3103 1278 3150 oum
1296 3103 1332 3149 se
1350 3084 1445 3149 tribu-

295 3194 365 3256 tum
398 3210 457 3256 non
487 3192 600 3256 debers
629 3197 850 3270 monstrasset,
879 3191 980 3256 soluit
1006 3195 1123 3266 tamen,
1152 3211 1192 3255 uo
1221 3190 1483 3258 scandalizaretur

298 3317 361 3374 eos,
382 3298 498 3381 quibus
523 3299 561 3363 ud
586 3303 745 3363 aeternam
770 3299 907 3364 sulutem
932 3317 1045 3381 gerens
1067 3297 1228 3363 hominem
1252 3296 1443 3364 consulebat.

297 3405 359 3468 iam
384 3423 459 3469 uero
480 3404 644 3487 spostolus
665 3405 932 3487 quemadmodum
951 3404 1016 3469 ista
1033 3403 1244 3481 commendet,
1265 3403 1335 3468 eius
1353 3401 1444 3468 uerbu

296 3513 464 3590 testantur,
488 3511 545 3578 ubi
573 3511 665 3576 dioit:
701 3531 785 3576 oum
814 3511 917 3576 enim
945 3511 1051 3575 liber
1078 3510 1152 3575 sim
1182 3529 1225 3574 ex
1249 3509 1442 3584 omnibus,

386 3753 434 3809 81
455 3752 514 3808 Cor.
535 3753 561 3820 7,
581 3755 613 3808 16
707 3754 740 3807 10
758 3753 772 3806 Ι
792 3753 852 3808 Cor.
873 3753 898 3816 7,
919 3754 951 3806 14
1043 3753 1078 3806 24
1097 3751 1130 3807 of.
1149 3751 1248 3807 Matri.
1271 3753 1315 3817 17,
1334 3753 1370 3806 24
1387 3767 1442 3821 sqq.

297 3842 364 3897 281
384 3843 444 3898 Cor.
464 3843 489 3906 9,
510 3843 543 3896 19

333 3985 422 4054 2quo
441 3985 506 4039 Pbd
578 4001 637 4040 esse
656 4001 707 4040 om.
726 3984 755 4038 P
826 3985 901 4053 din]
921 3990 956 4038 nd
975 3984 1003 4038 P
1072 3981 1278 4054 iquosqueR
1350 3986 1442 4037 ficum

298 4091 349 4128 om.
370 4073 397 4127 P
467 4076 580 4128 fiuetst
598 4074 722 4128 domiuus
746 4073 928 4136 VEMRde,
947 4073 1082 4139 (dominus
1099 4089 1121 4127 s.
1141 4073 1171 4138 l.)
1191 4073 1222 4126 N
1301 4072 1348 4141 ne]
1367 4076 1400 4125 no
1416 4069 1444 4122 P

299 4162 430 4217 sreddet
447 4162 476 4217 P
492 4161 659 4228 reddiditT
730 4164 814 4217 etiarn
832 4164 925 4217 om.P
996 4161 1159 4218 9fuoiusS
1228 4158 1442 4216 aut-tanesia

298 4251 394 4322 ΜΝ
447 4253 480 4306 10
499 4253 603 4306 nulnum
622 4253 648 4305 Τ
702 4253 732 4306 11
753 4252 883 4321 infidelis]
903 4251 1127 4306 sanctificatusP
1181 4253 1214 4305 13
1231 4249 1323 4305 filiM
1373 4263 1442 4302 nunc

298 4342 527 4410 —eouiugesono
542 4341 570 4394 P
623 4343 655 4396 16
671 4343 727 4410 cur]
743 4359 802 4395 eum
817 4341 927 4395 T¹MN¹
984 4340 1186 4400 illinemus
1238 4341 1368 4396 christum
1380 4337 1443 4391 Por
