3109 4959
577 445 618 498 de
646 445 852 514 patientia
1220 447 1284 511 687

138 643 276 720 subdita,
301 643 450 707 uoluntas
474 640 643 705 sanctitate
667 639 795 722 snpemi
820 639 939 704 ardoris
963 657 1106 716 accense,
1125 640 1285 715 uoluntas,

137 769 219 832 quae
252 749 360 832 diligit
392 749 485 812 deum
519 750 550 810 et
581 746 759 830 proximum
788 750 916 829 propter
942 746 1048 824 deum,
1077 746 1146 810 siue
1170 763 1287 823 armore,

138 857 177 920 de
201 875 262 938 quo
287 853 457 936 respondet
481 853 645 936 apostolus
668 853 798 918 Petrus:
823 853 990 926 domine,
1019 858 1062 916 tu
1087 853 1169 917 scis
1194 851 1287 935 quia

138 981 223 1028 emo
261 967 309 1038 te,
349 963 417 1026 siue
450 962 574 1037 timore,
604 959 643 1024 de
676 978 738 1041 quo
772 959 850 1024 dicit
881 960 1046 1042 apostolus
1079 959 1215 1024 Paulus:
1248 961 1287 1023 iu

105 1072 285 1134 etimore
310 1072 348 1132 et
375 1073 548 1133 tremore
577 1069 757 1131 uestram
785 1067 967 1150 ipsorum
996 1067 1173 1130 salutem
1203 1085 1287 1148 ope·

138 1175 293 1252 remini,
328 1177 396 1240 siue
425 1175 553 1258 gaudio,
584 1174 622 1238 de
656 1194 717 1257 quo
751 1173 841 1238 dicit:
876 1193 944 1258 spe
978 1173 1216 1257 gaudentes,
1249 1174 1287 1237 in

139 1285 414 1349 tribulatione
447 1285 666 1366 patientes,
700 1283 769 1347 siue
802 1281 944 1356 tristitia,
979 1281 1105 1364 qualem
1142 1300 1176 1345 se
1209 1281 1290 1344 dicit

139 1393 290 1456 habuisse
324 1411 470 1474 magnam
503 1411 558 1474 pro
592 1391 742 1454 fratribus
771 1391 850 1466 suis,
875 1407 1093 1471 quaecumque
1124 1407 1227 1452 amara
1257 1391 1290 1451 et

140 1517 250 1580 aspera
279 1499 418 1576 sufferet,
447 1499 561 1563 caritas
590 1498 639 1562 dei
669 1501 727 1574 est,
752 1517 832 1578 quae
861 1497 992 1560 omnia
1019 1497 1183 1571 tolerat,
1209 1513 1289 1578 quae

93 1627 121 1666 eo
139 1623 200 1668 non
226 1605 413 1668 diffunditur
435 1603 473 1667 in
499 1603 692 1668 cordibus
717 1603 885 1676 nostrie,
915 1602 976 1665 nisi
1001 1621 1070 1683 per
1094 1601 1287 1684 spiritum

141 1714 337 1786 sanctum,
363 1710 431 1792 qui
456 1711 574 1774 datus
600 1713 663 1774 est
686 1709 815 1773 nobis.

186 1816 300 1881 XXVI.
340 1817 429 1880 Vnde
465 1835 664 1899 nequaquam
702 1815 868 1880 dubitante
904 1816 1022 1897 pietate
1059 1815 1145 1880 sicut
1175 1817 1290 1881 caritas

141 1931 251 1987 sancte
275 1924 458 2000 amantium,
481 1923 526 1987 ita
549 1923 701 2006 patientia
723 1923 775 2004 pie
798 1923 1004 1987 tolerantium
1027 1922 1076 1986 dei
1096 1922 1213 1986 donum
1233 1926 1290 1988 est.

140 2049 243 2112 neque
267 2031 349 2094 enim
374 2031 530 2112 scriptura
549 2031 656 2094 diuina
673 2030 757 2094 fallit
776 2033 832 2094 aut
849 2029 980 2106 fallitur,
1006 2049 1085 2110 quae
1104 2048 1164 2093 non
1184 2029 1288 2093 solum

96 2159 121 2197 re
140 2137 173 2201 io
193 2137 355 2201 ueteribus
373 2137 464 2201 libris
483 2137 580 2201 babet
596 2137 692 2201 hrrius
710 2138 755 2200 rei
774 2137 968 2213 testimonia,
988 2155 1060 2200 cum
1081 2136 1139 2200 deo
1158 2135 1289 2200 dicitur:

136 2228 328 2326 'patientia
351 2261 430 2307 mea
453 2246 493 2308 tu
519 2261 566 2322 es,
596 2248 643 2307 et:
671 2243 821 2326 abipso
846 2247 904 2307 est
925 2243 1116 2325 patientia
1139 2263 1228 2320 mee,
1258 2248 1289 2307 et

142 2350 197 2413 nbi
231 2349 312 2415 alius
344 2349 500 2432 propheta
532 2349 610 2414 dicit
641 2351 784 2433 accipere
816 2369 872 2414 nos
906 2350 1053 2433 spiritum
1082 2349 1289 2426 fortitudinis,

141 2478 252 2524 uerum
277 2457 372 2521 etiam
395 2457 426 2520 in
452 2457 635 2539 apostolicis
658 2457 774 2521 litteris
793 2457 925 2540 legitur:
950 2457 1037 2538 quia
1055 2455 1164 2520 nobie
1184 2455 1289 2520 dona-

139 2571 217 2630 tum
248 2569 306 2628 est
333 2583 398 2647 pro
427 2562 579 2628 Christo
613 2581 682 2628 non
712 2565 834 2628 solum
863 2567 905 2628 ut
932 2563 1097 2629 credatis
1127 2565 1163 2628 in
1196 2583 1287 2639 eum,

92 2695 120 2734 ao
140 2674 204 2737 sed
233 2675 274 2735 ut
302 2671 415 2734 etiem
444 2670 642 2752 patiamini
669 2690 734 2753 pro
763 2690 814 2736 eo.
844 2691 905 2735 non
933 2690 1007 2755 ergo
1037 2671 1128 2754 quasi
1158 2671 1196 2735 de
1219 2689 1288 2752 pro·

137 2780 207 2863 prio
231 2777 328 2842 iaciat
351 2777 490 2840 animum
515 2779 635 2841 elatum
654 2778 738 2860 quod
761 2778 824 2841 sibi
847 2779 937 2842 audit
960 2796 1030 2842 esse
1055 2778 1216 2842 donatum.

185 2886 237 2949 23.
267 2884 299 2949 Si
329 2884 408 2966 quis.
424 2891 530 2948 autem
554 2903 616 2946 non
639 2882 757 2946 habens
783 2883 957 2960 caritatem,
986 2903 1066 2966 quae
1090 2885 1227 2966 pertinet
1249 2883 1288 2946 ad

138 2993 295 3056 unitatem
327 2992 457 3074 spiritus
491 2994 523 3055 et
553 2991 718 3054 uinculum
745 2991 844 3072 pacis,
877 3010 939 3072 quo
968 2990 1126 3054 catholica
1154 2989 1288 3054 ecclesia

138 3101 331 3182 congregata
363 3098 547 3175 conectitur,
584 3096 616 3160 in
653 3097 758 3178 aliqrro
797 3097 970 3162 schismate
1007 3098 1211 3172 constitutae,
1249 3116 1288 3161 ne

228 3323 321 3377 elon.
341 3323 384 3380 21.
406 3325 438 3376 15
511 3323 662 3384 ophite.
684 3326 716 3377 12
798 3323 910 3378 ditem.
931 3325 973 3387 12,
994 3326 1027 3376 12
1104 3325 1287 3380 8cf.ICor.

139 3412 217 3470 13.7
274 3413 308 3465 10
327 3412 360 3465 ci.
379 3411 454 3464 Rom.
475 3413 534 3476 5‚5
592 3413 624 3466 16
644 3412 688 3466 Ps.
709 3413 787 3476 i0,5
860 3413 905 3466 Pa.
925 3413 1003 3478 61‚6
1065 3413 1097 3466 18
1116 3413 1188 3466 Phil.
1209 3416 1233 3475 1,
1252 3415 1287 3467 29

176 3556 188 3608 l
210 3553 325 3621 ardoris]
346 3554 444 3606 amoris
463 3554 489 3606 B
557 3555 573 3608 3
592 3553 733 3623 respondit
753 3553 948 3608 KRSABNV
1010 3558 1026 3610 5
1046 3557 1175 3623 uestram]
1195 3558 1286 3608 uestro

136 3643 221 3696 etiam
242 3641 267 3693 V
338 3643 455 3712 ipsorum
475 3643 568 3696 om.B
622 3644 684 3696 din
704 3644 799 3711 speK
851 3643 1072 3697 itristitiamK
1125 3645 1286 3712 Smagnam

137 3730 317 3784 hebuiseebd
387 3731 523 3798 magnaS
593 3721 630 3784 dfe
650 3731 913 3794 euoatoseuietN
962 3733 1105 3800 9aepera]
1125 3733 1220 3785 anania
1233 3733 1288 3786 PB

140 3822 173 3875 13
192 3823 287 3874 sancta
305 3817 365 3873 RK
382 3808 444 3873 scae
462 3819 582 3891 SFONp
601 3825 696 3874 sancte.
720 3821 746 3872 V
762 3837 821 3874 esse
839 3821 866 3872 B
957 3821 1117 3889 amantium]
1137 3821 1288 3874 uiuentium

137 3908 192 3962 PB
263 3908 307 3978 pie
327 3925 378 3962 cm.
398 3907 459 3962 NV
528 3909 689 3962 donumdei
711 3910 737 3961 V
790 3911 824 3962 14
842 3908 936 3962 diuina
954 3910 1087 3978 scriptura
1099 3908 1290 3964 RPDOWbd

137 3997 231 4050 diuina
245 4011 295 4050 om.
318 3997 343 4048 V
409 3998 573 4052 uerbianon
593 3998 678 4052 solum
692 3998 799 4066 finitur
816 3997 1073 4052 oratiocodd.KR
1130 4000 1161 4052 16
1181 4015 1209 4052 es
1228 4003 1286 4069 tur

139 4087 171 4138 17
193 4087 326 4154 accipeS
395 4086 427 4140 ts
446 4087 587 4156 donatum]
607 4087 700 4141 datum
725 4087 750 4138 V
818 4089 850 4141 19
868 4088 928 4157 pro]
949 4086 1040 4156 perS
1099 4087 1236 4142 ucetiam
1255 4092 1287 4141 ut

136 4173 170 4227 N
176 4172 241 4226 VW
310 4179 419 4244 propter
433 4191 493 4228 eum
509 4177 739 4246 Ir'PBDOWde
792 4178 825 4230 21
845 4175 1119 4245 iecitPFDOBWp
1174 4177 1208 4232 23
1227 4178 1286 4230 uni-

136 4263 235 4330 tatem]
256 4261 429 4317 diuinitatem
450 4264 480 4318 F
568 4267 681 4319 ecelesia
699 4266 799 4320 om.V
884 4267 919 4319 ‘24
938 4266 1064 4318 scismate
1083 4265 1161 4319 codd.
1252 4285 1286 4320 ne

136 4369 189 4406 om.
208 4350 250 4404 N¹
