3109 4959
244 420 287 483 44
600 418 627 472 S.
655 418 793 472 Aureli
821 418 1039 489 Augustini

244 632 316 677 sans
340 614 566 679 correctionem
590 614 716 679 adulter
738 614 929 693 admittitur,
950 634 1012 697 quo
1031 632 1180 679 recusans
1201 613 1397 678 obseruatio-

243 739 315 784 nem
337 740 399 785 non
424 721 604 787 admittitur
625 722 837 805 coniugatus?

289 828 318 892 9.
347 826 409 892 Sed
442 828 541 911 prius,
573 829 732 909 inquiunt,
765 829 956 911 baptizetur,
985 828 1098 893 deinde
1131 828 1292 903 doceatur,
1322 824 1396 908 qnid

244 931 283 996 ad
310 933 425 999 bonaur
454 934 555 999 uitam
582 953 750 1017 moresque
773 935 939 1020 pertineat.
974 934 1010 998 fit
1032 935 1102 1013 hoc,
1126 934 1182 999 ubi
1206 952 1396 1015 quemquam

243 1041 325 1104 forte
352 1040 420 1104 dies
448 1042 544 1122 urget
576 1042 745 1117 extremus,
774 1044 812 1105 ut
844 1039 882 1103 ad
915 1040 1012 1103 uerba
1045 1038 1250 1121 paucissima,
1280 1036 1395 1118 quibus
1424 1058 1435 1097 r

243 1149 349 1210 tamen
369 1145 474 1211 omnia
493 1144 702 1223 continentur,
722 1146 831 1210 credat
850 1148 1145 1226 sacramentumque
1164 1143 1330 1227 percipiat,
1349 1143 1394 1218 ut,

244 1250 272 1314 si
300 1270 336 1313 ex
363 1250 423 1315 hac
450 1252 519 1315 uita
547 1250 761 1335 emigrauerit
786 1250 940 1315 liberatus
970 1254 1058 1315 exeat
1086 1270 1104 1313 a
1130 1252 1220 1313 reatu
1248 1246 1394 1331 praeteri-

243 1360 349 1421 torum
374 1358 515 1422 omniurn
539 1362 759 1439 peccatorum3
784 1358 812 1422 si
837 1360 942 1421 autern
963 1359 1073 1422 saluus
1092 1355 1174 1439 petit
1193 1356 1394 1438 spatiumque

243 1462 387 1529 discendi
414 1469 474 1541 est,
503 1465 588 1546 quod
616 1464 703 1528 aliud
736 1467 923 1547 oportunius
956 1468 1085 1546 tempus
1118 1462 1247 1545 reperiri
1278 1462 1393 1543 potest,

245 1589 307 1652 quo
331 1570 450 1645 audiat,
475 1569 741 1652 quemadmodum
765 1570 869 1634 tidelis
888 1569 957 1633 fieri
976 1588 1012 1633 uc
1030 1570 1139 1633 uiuere
1159 1567 1282 1645 debeat,
1302 1584 1394 1648 quarn
1413 1592 1436 1631 ιο

243 1674 334 1752 illud,
368 1694 442 1741 oum
475 1677 651 1741 adtentiore
684 1677 789 1741 animo
822 1680 916 1757 atque
949 1676 1020 1758 ipsa
1051 1674 1204 1759 religione
1240 1692 1393 1755 suspenso

244 1782 468 1848 salubenimae
496 1783 571 1847 fidei
600 1786 833 1847 sacramentum
862 1783 964 1867 petit?
999 1802 1036 1847 an
1065 1801 1169 1865 usque
1197 1782 1275 1845 adeo
1304 1780 1396 1844 dissi-

243 1889 404 1954 mulamus
429 1909 445 1953 a
470 1890 616 1955 sensibus
640 1890 769 1964 nostris,
790 1893 827 1955 ut
851 1890 904 1954 uel
922 1908 979 1954 nos
998 1890 1086 1971 ipsos
1106 1907 1167 1953 uon
1185 1887 1394 1962 recordemur,

244 2015 339 2078 quarn
362 1997 516 2060 fuerimus
540 1997 659 2061 adtenti
679 2001 775 2079 atque
794 1996 935 2073 solliciti,
956 1996 1032 2078 quid
1055 1996 1147 2061 nobis
1169 1994 1394 2078 praeciperent,

244 2120 262 2165 a
290 2102 406 2184 quibus
436 2103 721 2180 catechizabamur,
747 2122 820 2167 eum
848 2102 945 2167 fontis
973 2102 1062 2167 illius
1092 2104 1289 2167 sacramenta
1310 2103 1396 2182 pete·
1413 2126 1434 2163 n

242 2227 348 2271 remus
377 2212 473 2290 atque
502 2208 541 2273 ob
569 2209 630 2273 hoc
657 2212 862 2291 conpetenter
891 2208 986 2273 etiarn
1011 2210 1219 2273 uocaremur?
1255 2208 1308 2271 uel
1332 2225 1392 2271 non

244 2315 426 2378 intueamur
444 2314 534 2392 alios,
555 2316 609 2397 qui
629 2334 685 2398 per
702 2335 800 2381 annos
825 2316 969 2399 singulos
993 2316 1032 2379 ad
1051 2316 1214 2379 lauacrum
1234 2331 1394 2398 regenera-

243 2419 339 2484 tionis
359 2420 542 2497 adcurruut,
557 2423 667 2503 quales
687 2422 753 2487 sint
769 2423 850 2506 ipsis
872 2422 995 2501 diebus,
1015 2421 1131 2503 quibus
1151 2420 1393 2495 catechizantur,

244 2527 468 2602 exorcizantur,
506 2532 698 2606 scrutantur,
737 2533 854 2612 quanta
890 2528 1059 2611 uigilantia
1095 2527 1293 2601 conueniant,
1332 2542 1392 2607 quo

244 2632 350 2698 studio
378 2634 530 2712 terreant,
556 2654 619 2718 qua
641 2654 718 2700 cura
739 2636 918 2718 pendeant?
957 2634 985 2698 si
1007 2637 1085 2697 tunc
1108 2636 1236 2715 tempus
1258 2649 1320 2695 non
1346 2633 1394 2694 est
1409 2658 1432 2697 a

244 2738 379 2813 dicendi,
409 2761 489 2822 quae
517 2743 585 2807 uita
613 2747 766 2827 congruat
794 2745 892 2819 tauto,
922 2740 1007 2823 quod
1035 2740 1176 2822 accipere
1204 2737 1391 2811 desiderant,

244 2850 452 2925 sacramento,
482 2848 606 2930 quando
636 2850 715 2914 erit?
748 2868 787 2913 an
816 2866 890 2913 uero
920 2868 992 2912 curn
1021 2845 1208 2929 acceperint,
1235 2845 1268 2908 in
1296 2844 1392 2908 tantis

245 2950 429 3017 criminibus
447 2959 666 3037 permanentes
687 2956 783 3020 etiam
801 2959 874 3039 post
892 2954 1099 3037 baptismum,
1120 2971 1179 3017 nou
1199 2950 1276 3015 noui
1294 2949 1392 3014 homi-

280 3160 509 3231 lcorreptionem
525 3161 740 3217 SMRBNAGh
812 3160 968 3215 admittitur
986 3162 1092 3215 adulter
1107 3160 1148 3214 co
1203 3158 1390 3229 quo-admit·

243 3248 312 3302 titur
330 3267 381 3303 om.
400 3250 429 3302 P
494 3253 510 3305 2
531 3253 692 3320 coniugatus
712 3251 766 3306 Sed
787 3254 828 3318 (us
849 3252 936 3305 Sem.
957 3256 984 3307 2.
1006 3252 1083 3315 cdd.)
1103 3251 1130 3303 B
1196 3252 1215 3303 4
1233 3248 1280 3302 ubi
1300 3264 1391 3318 qnem-

244 3340 336 3408 qnam]
356 3340 451 3408 utique
471 3340 578 3409 quando
593 3340 620 3392 P
656 3344 672 3395 5
692 3339 736 3393 die
754 3339 796 3393 Oh
849 3344 949 3411 urguet
967 3340 1079 3395 SMRB
1098 3340 1186 3410 surgit
1198 3339 1226 3392 P
1244 3341 1338 3407 surget
1354 3336 1392 3390 Cle

243 3428 259 3480 6
278 3432 546 3497 sacramentumquae
567 3428 582 3496 β
655 3429 670 3481 7
690 3428 852 3498 migrauerit
870 3426 1101 3495 SMRBNAPeo
1188 3427 1336 3495 praeterito
1354 3426 1391 3479 B¹

242 3517 434 3584 preteritorum
452 3517 479 3572 R
556 3517 696 3585 Ssaluus]
716 3532 798 3570 sanus
818 3516 855 3570 bd
944 3516 1133 3586 spatiumqnae
1152 3516 1184 3569 N
1259 3516 1391 3585 toppor-

243 3605 335 3658 tuniua
358 3604 463 3672 GAtbd
481 3610 630 3675 oportunus
644 3606 691 3659 M¹
762 3606 893 3675 repperiri
910 3604 1176 3659 CSMBPIZRNX
1230 3604 1263 3658 10
1283 3621 1351 3673 quo·
1364 3602 1395 3657 N

244 3694 478 3763 quemammodum
496 3694 557 3748 BN
626 3693 1150 3750 11atentroreRrra11adrentrores
1221 3693 1254 3747 12
1273 3693 1391 3748 saluber-

242 3784 309 3836 rime
327 3783 384 3836 NP
454 3785 526 3853 petit
545 3800 596 3838 om.
615 3784 643 3837 B
711 3785 743 3838 13
764 3801 819 3838 non
838 3800 889 3839 om.
908 3784 937 3836 P
1004 3785 1037 3837 14
1055 3783 1243 3853 praeciperent
1264 3782 1297 3835 0¹
1316 3798 1390 3852 prae-

242 3874 364 3941 ceperint
381 3872 479 3940 12023
499 3876 690 3942 praeceperant
710 3872 762 3926 Clt¹
820 3876 852 3927 15
872 3872 1105 3927 cathecizabamur
1121 3870 1243 3925 CIZBP
1261 3871 1390 3925 cataciza-

242 3960 337 4014 bamur
356 3960 413 4014 SM
431 3961 661 4015 cathezizabamnr
681 3960 749 4015 ΟΜ
822 3960 947 4015 funtieI
1009 3963 1041 4016 16
1062 3960 1107 4030 ob]
1127 3958 1161 4013 ad
1180 3959 1239 4014 SM
1300 3962 1332 4014 17
1351 3960 1390 4012 iu-

242 4052 363 4104 tueamur
384 4049 560 4103 Gintuemur
577 4050 680 4104 ZIPX
781 4050 814 4103 18
834 4054 896 4105 sunt
918 4051 959 4103 Gt
1085 4049 1287 4104 catherizantur
1300 4045 1391 4103 CIZP

243 4138 427 4192 catecizantur
444 4138 556 4193 SMRB
576 4140 778 4193 cathezizantur
799 4140 839 4194 Ch
905 4140 937 4193 19
957 4140 1137 4193 exorcisamur
1155 4138 1222 4193 SM¹
1241 4138 1390 4193 exorcisan·

242 4230 287 4280 tur
304 4230 459 4281 scrutantur
478 4244 528 4282 om.
549 4230 576 4282 P
647 4230 682 4283 20
701 4230 724 4283 si
742 4231 820 4299 tune]
839 4230 950 4284 sicut]
1026 4234 1091 4283 tunc
1110 4246 1161 4308 cor.
1184 4228 1224 4282 Oh
1296 4230 1329 4283 21
1351 4227 1390 4280 di·

242 4316 335 4369 scendi
353 4316 391 4370 od
443 4317 478 4372 22
497 4335 567 4372 anon
587 4317 671 4374 SMR
