3109 4959
450 477 490 532 de
519 477 768 532 adulterinis
798 479 1003 549 coniugiis
1234 483 1302 548 373

144 676 191 736 ut
221 673 256 737 si
283 691 385 737 unus
410 676 478 736 aut
501 691 577 737 una
600 693 617 736 o
641 672 888 757 coniugibus
913 674 1176 753 credidisset,
1204 675 1300 740 alte·

144 767 230 843 rum
255 798 329 844 non
354 779 596 856 credentem,
616 798 749 844 seeum
774 784 905 844 tamen
926 780 1113 845 habitare
1133 800 1300 846 consen·

144 886 320 950 dientem
342 903 416 949 non
442 884 692 949 dimitterot‘.
716 884 766 948 his
792 885 898 950 uerbis
922 887 988 950 tuis
1013 885 1099 950 aliud
1122 886 1193 960 hoo,
1213 887 1300 950 aliud

144 1006 219 1056 esse
242 990 324 1054 illud
347 991 425 1055 satis
450 990 613 1055 euidenter
632 989 784 1055 ostendis.
806 991 887 1055 illud
912 991 997 1055 enim
1016 991 1055 1056 do
1073 991 1124 1056 his
1143 992 1299 1076 coniugiis

91 1121 125 1159 -s
145 1097 263 1181 agitur,
293 1115 372 1179 quas
401 1097 461 1161 sibi
490 1097 639 1178 primitus
669 1097 868 1179 copulantur,
897 1117 936 1162 ne
964 1098 1064 1162 nubat
1091 1097 1210 1162 femina
1236 1116 1298 1162 non

144 1222 223 1268 suae
247 1203 411 1286 religionis
435 1203 503 1268 uiro
527 1203 580 1267 uel
603 1203 653 1266 uir
675 1205 773 1268 talem
798 1203 894 1268 duoat
916 1223 1055 1270 uxorem.
1087 1205 1119 1268 id
1143 1204 1237 1281 enim,
1261 1211 1300 1268 ut

144 1309 237 1386 diois,
265 1309 356 1374 iubet
383 1309 472 1384 deus,
501 1309 593 1374 docet
621 1309 798 1392 apostolus,
822 1311 997 1391 utrumque
1020 1310 1175 1393 praecipit
1201 1312 1298 1375 testa·

141 1417 299 1480 mentum.
324 1415 385 1478 hoo
405 1420 511 1479 autem
531 1415 693 1480 diuersum
712 1434 783 1480 esse
803 1415 875 1498 quis
894 1416 1021 1492 abnuat,
1041 1417 1097 1480 ubi
1115 1416 1220 1500 agitur
1236 1436 1298 1481 non

144 1522 183 1585 de
209 1520 447 1606 coniungendis,
472 1521 528 1586 sed
553 1521 591 1586 ds
616 1522 815 1586 ooniunoiis?
839 1523 932 1588 ambo
956 1523 1073 1606 quippe
1096 1523 1192 1586 unius
1216 1524 1298 1588 eius-

97 1651 125 1690 ιο
144 1627 282 1709 demque
305 1627 502 1692 infidelitatis
526 1629 664 1706 suerunt,
686 1628 809 1710 quando
834 1628 995 1694 coniuncti
1013 1631 1104 1705 sunt3
1128 1629 1186 1693 sed
1205 1648 1298 1693 euan-

139 1733 267 1818 gelium
296 1753 369 1798 oum
397 1735 549 1811 uenisset,
579 1734 658 1799 alter
686 1735 753 1800 sins
782 1735 882 1800 altera
908 1736 962 1800 uel
985 1737 1084 1800 altera
1106 1737 1175 1800 sine
1199 1736 1297 1802 altero

143 1840 291 1906 credidit.
333 1840 360 1904 si
394 1859 468 1925 ergo
502 1840 588 1905 aliud
622 1844 671 1906 est
702 1841 773 1917 hoo,
807 1841 892 1923 quod
924 1842 991 1906 sino
1020 1844 1170 1924 scrupulo
1199 1843 1297 1907 ullius

143 1948 353 2014 dubitationis
378 1951 594 2030 apparatam
616 1948 741 2012 fidelem
767 1967 839 2012 cunr
862 1947 984 2013 infideli
1006 1949 1038 2012 in
1063 1948 1211 2032 coniugio
1230 1969 1298 2032 per-

142 2075 270 2121 manere
294 2075 354 2120 non
379 2060 411 2119 et
434 2054 581 2120 dominus
607 2057 691 2120 siout
715 2056 880 2138 apostolus
902 2056 1014 2119 iubet?
1043 2055 1105 2119 nisi
1128 2055 1209 2120 forte
1234 2057 1296 2122 isto

97 2186 124 2225 rs
141 2165 216 2228 loco
243 2165 349 2239 uacat,
378 2162 463 2244 quod
491 2165 556 2226 tam
584 2161 718 2227 fidenter
744 2163 814 2244 ipse
843 2162 901 2227 ait:
936 2183 977 2226 an
1005 2163 1129 2227 uultis
1157 2164 1295 2244 expori-

142 2273 312 2333 mentum
339 2269 511 2352 accipere
540 2269 633 2345 eius,
664 2269 727 2350 qui
754 2269 791 2333 in
819 2288 876 2333 me
899 2269 1072 2350 loquitur
1095 2268 1295 2334 Christus?

141 2379 176 2440 ei
199 2377 311 2458 utique
335 2375 481 2440 dominus
506 2379 558 2440 est
581 2375 736 2441 Christus.
769 2375 970 2460 intellegisne
995 2375 1071 2458 quid
1094 2376 1218 2440 dicam?
1255 2396 1294 2440 nn
1386 2421 1391 2426 -

140 2483 174 2546 in
199 2483 259 2547 hoo
284 2481 477 2564 explanando
502 2482 664 2565 aliquanto
690 2482 876 2565 diligentius
899 2482 1116 2548 immorabor?

187 2589 240 2653 26.
263 2588 475 2665 adtondent
497 2607 564 2652 rem
587 2588 690 2669 ipsam
713 2593 877 2671 tamquam
899 2587 931 2651 in
956 2592 1130 2670 conspeetu
1153 2588 1294 2653 conside·

88 2716 118 2760 20
139 2695 269 2759 rendam
298 2695 440 2778 planiore
465 2713 608 2760 sermone
633 2714 799 2778 ponemus.
838 2713 910 2759 ecee
935 2695 1087 2778 coniuges
1112 2694 1175 2759 duo
1197 2694 1293 2760 unius

136 2801 353 2877 infidelitatis3
387 2801 432 2866 iia
464 2803 592 2867 fuerunt
625 2801 750 2884 quando
784 2801 885 2864 iunoii
919 2805 1004 2865 sunt.
1051 2800 1139 2864 nulla
1172 2800 1210 2865 de
1242 2801 1292 2866 his

137 2908 283 2990 quaestio
309 2911 367 2982 est,
389 2927 469 2991 quae
493 2911 649 2992 pertineat
673 2909 710 2972 ad
734 2909 822 2973 illam
847 2907 966 2973 domini
984 2908 1159 2973 iussionem
1179 2907 1293 2972 doctri·

134 3033 274 3097 namque
299 3016 506 3098 apostolicam
531 3019 564 3080 et
586 3019 790 3098 praeceptum
815 3015 999 3080 testamenti
1017 3015 1136 3079 ueteris
1149 3017 1188 3079 et
1205 3015 1291 3094 noui,

135 3139 199 3204 quo
228 3121 415 3204 prohibetur·
442 3121 546 3186 fidelis
576 3141 648 3186 oum
677 3121 798 3186 infideli
822 3120 970 3203 copulare
994 3121 1190 3204 coniugium.
1226 3121 1289 3184 iam

85 3249 114 3288 2⁵
134 3231 213 3292 sunt
236 3227 388 3310 coniuges
413 3231 446 3292 ei
469 3228 571 3292 adlruo
591 3228 683 3292 ambo
703 3231 778 3292 suni
797 3226 954 3303 infideles3
980 3226 1083 3292 adhue
1101 3226 1184 3292 talos
1205 3230 1290 3302 sunt,

130 3335 247 3416 quales
286 3333 423 3412 luerunt,
462 3338 631 3416 antequam
667 3334 884 3417 iungerentur,
917 3335 1091 3415 qualesque
1129 3334 1289 3398 coniuncti

228 3612 261 3666 15
280 3610 307 3664 Π
322 3609 387 3680 Cor.
409 3611 450 3675 13,
465 3612 482 3666 3

132 3755 134 3762 ’
171 3762 183 3814 l
205 3776 276 3814 unus
295 3762 343 3813 aut
361 3762 425 3830 una]
446 3759 515 3814 alter
538 3759 719 3828 TVEMSN;
738 3760 771 3814 N
784 3761 816 3814 ira
833 3766 924 3827 teeaq
940 3777 1008 3814 aram
1026 3761 1057 3813 ia
1074 3777 1125 3830 mp.
1147 3741 1278 3813 additum

129 3851 177 3902 un'
197 3852 246 3903 aut
265 3864 318 3902 una
390 3848 505 3902 alterurn
524 3847 569 3902 uel
587 3849 700 3902 alteram
718 3849 755 3912 R,
776 3849 831 3914 (uel
850 3849 963 3903 alteram
981 3865 1002 3904 s.
1023 3851 1052 3916 1.)
1071 3848 1140 3902 Noa
1192 3849 1284 3902 3tuis

130 3953 184 3992 om.
205 3935 229 3991 S
298 3937 366 3990 illud
386 3936 461 3990 aliud
480 3954 539 3991 esse
558 3937 582 3991 S
598 3953 657 3990 esso
676 3937 751 3992 aliud
769 3937 840 3991 illud
858 3937 890 3990 N
974 3940 991 3992 6
1009 3938 1065 4006 nel]
1083 3938 1129 3991 uel
1146 3954 1180 3991 ne
1199 3937 1286 3992 EMS

129 4027 176 4080 uel
195 4025 280 4098 nell
350 4025 390 4095 ut]
410 4025 518 4080 euml*
588 4025 1058 4095 intranquelsemperseren)1l
1132 4027 1164 4079 13
1182 4025 1212 4079 in
1231 4041 1286 4078 om.

132 4113 384 4178 vorassem
455 4116 569 4184 coniuge
588 4113 615 4168 R
695 4117 727 4169 15
746 4119 827 4168 uocat
844 4115 887 4168 N¹
906 4119 983 4169 uelat
1005 4114 1039 4169 T¹
1112 4113 1194 4184 quod]
1213 4112 1283 4168 illud

128 4201 205 4271 quod
229 4201 421 4267 VEMSillud
443 4201 566 4272 quodN
636 4205 667 4257 17
687 4192 734 4274 xps
754 4207 797 4257 est
819 4203 845 4256 T
916 4205 949 4258 19
968 4201 1080 4276 attendo
1103 4203 1138 4257 T¹
1219 4207 1281 4256 utro

129 4295 174 4359 (rd
192 4307 214 4344 s.
235 4289 265 4353 l.)
284 4289 315 4344 N
384 4291 420 4344 20
439 4307 570 4360 ponamus
588 4291 622 4346 N
695 4291 747 4345 duo
767 4292 939 4362 coniugesS
1014 4294 1045 4346 21
1066 4292 1203 4346 ooninnoti
1222 4293 1282 4358 (con

126 4396 149 4434 s.
171 4379 201 4445 1,)
221 4377 291 4432 Nbd
343 4379 379 4432 23
398 4383 426 4433 et
438 4380 505 4449 flas]
525 4397 555 4434 ac
574 4380 601 4436 R
655 4381 690 4434 26
710 4381 937 4451 coniungerentur
954 4380 991 4434 Μ
