3109 4959
244 385 311 448 524
609 381 635 435 S.
665 381 803 436 Aureli
829 381 1046 450 Augustini

245 578 329 641 eninr
346 595 402 660 per
418 575 586 640 ueritatem
600 575 704 657 possit
718 593 788 638 esse
803 574 970 657 periurus?
985 573 1031 639 sic
1046 573 1142 638 etiam
1155 593 1213 656 per
1226 573 1399 638 ueritatem

245 683 352 748 nullus
376 685 483 765 potest
507 699 577 746 esse
601 681 819 763 blasphemus.
847 699 922 745 sane
945 680 1058 745 mitius
1080 680 1198 745 falsum
1221 680 1317 759 iurat,
1342 679 1401 762 qui

243 789 362 854 falsum
391 788 493 854 nescit
521 807 591 854 esse
620 792 653 851 et
675 805 787 851 uerum
809 790 903 870 putat
925 806 996 852 esse
1020 787 1105 869 quod
1127 787 1227 851 iurat:
1256 787 1344 851 siout
1366 790 1402 852 et

245 894 363 960 Saulus
388 895 600 960 excusabilius
619 894 865 976 blasphemauit
885 895 979 977 quia
1001 895 1194 979 ignorans
1212 894 1301 958 fecit.
1324 893 1399 958 ideo

246 1007 353 1066 autem
384 1003 476 1084 peius
509 1005 557 1066 est
585 1002 805 1084 blasphemare
833 1021 929 1084 quam
956 1002 1105 1084 peierare,
1134 1002 1285 1083 quoniam
1312 1002 1401 1082 peie
1431 1022 1444 1062 ε

244 1108 342 1173 rande
375 1108 475 1172 falsae
503 1107 549 1172 rei
577 1108 745 1172 adhibetur
772 1109 865 1174 testis
894 1109 983 1184 deus,
1010 1106 1260 1192 blasphemando
1289 1111 1401 1172 autem

245 1215 285 1280 de
308 1216 377 1297 ipso
401 1216 482 1280 falsa
506 1215 654 1280 dicuntur
678 1215 747 1281 dee.
770 1219 859 1280 tento
883 1224 932 1279 est
955 1218 1060 1280 autem
1080 1215 1215 1298 quisque
1233 1215 1401 1279 inexcusa-

245 1323 340 1386 bilior
368 1323 436 1387 sine
464 1323 608 1405 periurus
638 1323 707 1388 sine
735 1321 953 1404 blasphemus,
976 1326 1093 1403 quanto
1117 1322 1219 1405 magis
1244 1341 1293 1399 ea,
1317 1340 1401 1403 quae

243 1428 414 1511 peierando
442 1429 495 1492 uel
517 1427 765 1511 blasphemando
790 1431 945 1507 asserunt,
969 1429 1049 1492 falsa
1071 1432 1228 1493 nonerunt
1250 1447 1323 1493 esse
1347 1428 1402 1492 uel

245 1534 390 1600 credunt.
429 1535 575 1618 quisquis
602 1535 710 1617 itaque
735 1533 813 1598 dicit
834 1553 890 1618 pro
914 1534 1124 1616 periclitantis
1151 1534 1290 1598 hominis
1319 1538 1402 1600 tem·
1421 1560 1445 1599 ro

247 1641 349 1725 parali
373 1643 475 1706 salute
499 1642 552 1706 uel
576 1642 644 1706 uita
666 1660 737 1706 esee
760 1641 987 1714 mentiendum,
1010 1642 1106 1706 nimis
1127 1641 1197 1724 ipse
1220 1642 1260 1705 ab
1283 1641 1401 1706 itinere

246 1749 402 1813 exorbitat
425 1751 569 1814 aeternae
593 1749 707 1813 salutis
731 1749 883 1824 atritas,
911 1748 940 1812 si
964 1747 1042 1812 dicit
1063 1749 1095 1811 in
1120 1767 1157 1812 ea
1180 1767 1277 1812 causa
1301 1749 1400 1812 etiam

244 1855 413 1920 iurandum
437 1875 493 1939 per
517 1855 611 1920 deum
635 1855 687 1920 uel
711 1855 806 1920 etiam
830 1855 1113 1937 blasphemandum
1137 1854 1242 1919 deum.

291 1962 361 2027 XX.
385 1965 437 2028 40.
462 1961 524 2028 Sed
548 1961 716 2044 aliquando
740 1962 832 2027 nobis
849 1962 953 2044 ipsius
972 1980 1098 2045 quoque
1116 1962 1232 2028 salutis
1251 1964 1400 2026 aeternae

245 2069 423 2152 periculum
462 2069 645 2151 opponitur,
678 2067 763 2151 quod
800 2071 907 2132 nostro
940 2067 1119 2146 mendacio,
1152 2068 1179 2133 ri
1211 2068 1305 2132 aliter
1335 2087 1398 2133 non
1419 2096 1443 2134 n

246 2179 363 2259 potest,
393 2177 614 2259 depellendum
643 2196 713 2242 esse
737 2177 908 2242 clamatur:
935 2176 1027 2240 uelut
1049 2175 1078 2240 si
1100 2175 1270 2260 quisquam
1293 2175 1399 2259 bapti·

246 2283 366 2347 candus
390 2284 422 2348 in
445 2287 603 2366 potestate
628 2283 671 2348 sit
693 2283 851 2366 inpiorum
875 2286 971 2365 atque
993 2282 1170 2347 infidelium
1188 2283 1398 2354 constitutus,

248 2389 287 2453 ad
311 2409 405 2471 quem
428 2391 586 2472 perueniri
608 2410 670 2456 nen
689 2391 803 2473 possit,
822 2394 861 2453 ut
877 2391 1003 2454 lauacro
1022 2389 1270 2473 regenerationis
1290 2389 1400 2453 ablua-

249 2499 312 2573 tur,
336 2496 397 2560 nisi
421 2497 561 2579 deceptis
585 2497 765 2561 mentiendo
786 2497 985 2560 custodibus.
1009 2497 1049 2560 ab
1068 2496 1129 2560 hoc
1146 2495 1401 2561 insidiosissime

247 2600 474 2684 clamoreque
494 2603 638 2687 cogimur
656 2622 717 2667 non
736 2621 792 2686 pro
812 2602 1000 2685 cuiusquam
1020 2602 1135 2686 opibus
1154 2603 1206 2666 uel
1224 2602 1400 2667 honoribus
1419 2631 1447 2671 aa

247 2708 280 2770 in
308 2707 368 2772 hoc
396 2709 522 2774 saeculo
545 2709 846 2786 transcurrentibus,
869 2728 929 2773 non
953 2728 1009 2792 pro
1031 2710 1103 2790 ipsa
1125 2709 1221 2774 huius
1244 2709 1400 2792 temporis

248 2814 325 2890 uita,
350 2815 407 2880 sed
429 2835 484 2898 pro
508 2819 635 2881 aeterna
656 2817 795 2881 hominis
819 2818 923 2880 saluto
946 2816 1082 2893 mentiri,
1111 2834 1173 2899 quo
1202 2816 1400 2900 confugiam,

248 2921 311 2986 nisi
339 2921 377 2986 sd
406 2925 448 2999 te,
473 2921 613 2987 ueritas?
651 2923 790 2987 etmihi
817 2923 874 2988 abs
897 2925 930 2988 ta
952 2924 1138 3005 proponitur
1161 2923 1306 2988 castitas.
1343 2941 1401 2986 cur

338 3167 355 3219 4
375 3163 408 3219 cf.
427 3165 441 3219 1
459 3165 528 3222 Tim.
550 3166 574 3229 1,
595 3165 628 3220 13

286 3307 407 3376 lpossit
425 3323 474 3376 per
491 3307 636 3360 ueritatem
659 3307 686 3359 V
768 3307 916 3377 peiurusg
1002 3307 1039 3360 si·
1056 3308 1089 3378 rb
1162 3308 1257 3361 besee
1275 3306 1399 3375 nescit-r

250 3395 416 3464 dignorans
436 3399 463 3464 (n
483 3412 504 3450 s.
525 3397 593 3465 1.)φ
666 3395 865 3452 recitemus
919 3397 1066 3450 5estom.
1089 3395 1157 3450 Tot
1228 3411 1397 3466 pegeraree

249 3484 354 3538 diales
373 3486 428 3556 orei
450 3485 490 3539 Cb
562 3485 628 3540 deus
646 3487 727 3540 testis
750 3485 777 3539 V
832 3485 918 3540 ideo
937 3485 1007 3539 falsa
1026 3485 1153 3539 dicuntur
1174 3484 1202 3538 V
1270 3483 1399 3538 dicuntur

249 3573 349 3641 falsat
422 3573 500 3628 deum
524 3573 592 3628 Ten
664 3577 755 3627 sutem
774 3578 818 3628 est
840 3574 867 3628 V
945 3575 1067 3643 quisquis
1090 3572 1117 3627 V
1185 3572 1399 3627 inexcusabilius

249 3664 364 3732 quisque
383 3663 413 3716 F
427 3663 634 3718 inexcusabilior
658 3665 771 3733 quisque
790 3663 818 3716 L
906 3662 1116 3717 inexcusabilius
1133 3661 1337 3732 RMCbescb
1355 3662 1398 3714 in·

249 3752 472 3806 excusabilissT
532 3751 714 3807 tesseritV
784 3753 894 3806 nouerit
915 3752 941 3806 V
956 3758 1147 3820 nonnemnte
1213 3750 1246 3804 10
1265 3750 1353 3805 credit
1375 3749 1402 3804 V

248 3839 398 3914 creduntur
453 3843 492 3896 ita
516 3841 542 3894 V
592 3843 720 3912 hominis]
739 3842 827 3896 omnis
848 3842 895 3895 Τ-
926 3842 1014 3894 salute
1031 3841 1177 3910 temporali
1194 3839 1231 3893 bd
1286 3840 1319 3894 ll
1337 3840 1397 3909 ipse

248 3945 301 3983 cm.
325 3929 352 3982 V
422 3931 454 3984 12
475 3931 609 3984 exorbitat
627 3931 703 3984 atu
787 3933 823 4001 ei]
844 3931 918 3984 etV
991 3931 1024 3984 13
1043 3929 1155 3983 iurando
1178 3929 1204 3984 T
1220 3929 1336 3983 iurando
1356 3927 1398 3982 On

251 4020 283 4074 15
304 4020 462 4088 opponimus
487 4020 513 4072 V
529 4022 675 4090 apponitur
693 4041 710 4092 φ
783 4019 923 4074 mendacio
943 4023 970 4086 (o
989 4035 1024 4073 ec·
1041 4023 1096 4085 um)
1118 4019 1145 4072 Τ
1197 4019 1230 4072 18
1249 4017 1286 4072 ad
1304 4019 1395 4088 queml

249 4109 382 4177 atqueV
452 4110 635 4178 generationis
657 4109 698 4164 Ob
769 4110 893 4163 abluatur
912 4109 940 4180 (r
957 4125 980 4162 s.
1000 4109 1064 4181 lto
1139 4108 1173 4162 19
1192 4105 1349 4162 mentiendo
1368 4110 1396 4170 (a

247 4214 270 4251 s.
289 4197 395 4267 raam
458 4197 671 4252 inuidiosissimu
694 4199 761 4253 Tuo
805 4199 841 4251 20
860 4215 913 4268 quo
933 4214 984 4251 cm.
1008 4197 1034 4250 V
1091 4194 1238 4266 opibusV
1282 4196 1316 4252 21
1335 4194 1396 4248 nine

251 4285 362 4347 Cbona
385 4286 412 4341 V
453 4289 487 4342 22
508 4287 555 4341 sed
574 4287 603 4357 (d
621 4303 642 4342 a.
663 4288 731 4356 1.)φ
791 4287 864 4357 qnod
885 4285 1057 4356 Obquo·1'
1095 4287 1130 4340 23
1149 4285 1184 4339 ad
1201 4285 1243 4355 ta]
1263 4283 1396 4340 adina
