3109 4959
283 473 348 537 512
638 471 664 525 S.
693 470 833 525 Aureli
861 471 1078 540 Augustini

281 668 421 747 peeoata,
437 665 578 747 quidest
592 664 680 730 aliud
694 685 789 747 quam
806 665 910 731 dicere
924 665 1077 749 quasdam
1095 686 1164 731 esse
1178 666 1328 745 iniustas,
1344 686 1435 750 quas·

281 770 476 835 dominatae
500 771 708 854 iniquitates?
728 790 800 837 eum
816 771 901 837 dieat
920 772 1084 855 apostolus
1103 773 1273 838 lohannes:
1295 775 1434 841 omnis.

283 876 350 959 qui
383 877 487 941 feeit
517 882 741 959 peceatum,
774 878 1044 960 iniquitatem
1076 878 1194 955 laoit3
1217 884 1433 963 peecatum

280 982 485 1066 iniquitas
510 988 582 1049 est.
613 1004 674 1049 uon
695 984 796 1067 igitur
813 987 922 1067 potest
939 985 1062 1049 iustum
1082 1004 1152 1050 esse
1170 989 1355 1068 peceatum,
1375 988 1435 1051 uisi

282 1108 354 1153 eum
382 1090 505 1173 peecati
532 1109 646 1155 nomen
673 1091 706 1155 in
734 1090 798 1153 alia
824 1108 857 1155 re
884 1091 1045 1173 ponimus,
1068 1091 1100 1154 in
1126 1110 1188 1175 qua
1211 1092 1350 1177 quisque
1373 1114 1433 1159 non
1462 1114 1473 1153 a

280 1201 402 1279 peceat,
426 1197 482 1262 sed
498 1200 562 1262 aut
584 1196 661 1262 faoit
684 1196 804 1279 aliquid
829 1200 885 1261 aut
907 1196 1028 1279 patitur
1050 1218 1104 1281 pro
1128 1202 1271 1281 peceato.
1305 1219 1381 1265 nam
1405 1204 1436 1265 et

281 1303 436 1367 saoriheia
457 1322 514 1385 pro
538 1304 679 1387 peccatis
701 1306 833 1386 peooate
855 1300 1014 1386 appellata
1038 1307 1113 1369 sunt
1136 1307 1169 1368 et
1185 1324 1307 1387 poenas
1326 1325 1435 1390 peooa·

280 1412 386 1474 torum
405 1410 554 1475 ‹liountur
572 1410 740 1492 aliquando
759 1412 901 1493 peecata.
925 1409 1003 1475 haee
1021 1410 1114 1493 plane
1133 1414 1270 1493 possunt
1286 1412 1435 1497 intellegi

280 1515 368 1579 iusta
389 1517 530 1597 peecata,
550 1534 624 1579 oum
643 1516 728 1579 iusta
748 1514 897 1579 dicuntur
916 1514 1070 1580 sacrificia
1088 1516 1141 1581 uol
1158 1517 1246 1582 iusta
1264 1519 1434 1602 supplicia.

281 1640 318 1685 ea
340 1640 427 1695 uero,
452 1640 534 1703 quae
558 1624 666 1685 oontra
687 1622 792 1705 legem
818 1621 868 1686 dei
890 1620 981 1700 fiunt,
1004 1622 1091 1688 iusta
1115 1642 1185 1688 esse
1204 1643 1265 1689 non
1284 1628 1433 1707 possunt.
1450 1644 1471 1681 u

281 1727 401 1792 dietum
431 1736 480 1792 est
507 1730 614 1792 autem
643 1728 716 1792 deo:
745 1729 809 1794 lex
831 1732 900 1793 tua
923 1728 1095 1805 ueritas,
1120 1748 1156 1794 ao
1180 1750 1235 1814 per
1258 1731 1322 1795 hoc
1348 1732 1433 1815 quod

280 1836 330 1899 ost
362 1837 470 1898 eontra
501 1834 679 1909 ueritatem,
710 1834 836 1899 iustum
868 1852 938 1899 esso
974 1854 1034 1899 nou
1066 1838 1183 1918 potest.
1222 1836 1295 1918 quis
1326 1842 1433 1903 autem

281 1939 407 2005 dubitet
430 1942 538 2005 eontra
556 1940 724 2005 ueritatem
742 1959 813 2005 esse
834 1960 925 2005 omne
944 1940 1166 2007 mendesium?
1189 1943 1314 2008 nullum
1334 1944 1435 2028 igitur

278 2047 401 2111 iustum
424 2050 531 2129 potest
554 2065 624 2111 esse
651 2046 860 2112 mendacium.
885 2048 964 2111 item
988 2048 1040 2112 eui
1063 2066 1124 2113 non
1150 2048 1267 2113 clareat
1291 2069 1329 2114 ex
1352 2052 1432 2115 neri-

278 2158 345 2218 tate
377 2172 447 2218 esse
476 2171 578 2229 omne,
607 2152 692 2234 quod
719 2154 841 2217 iustum
870 2155 940 2218 est?
979 2152 1096 2219 elamat
1123 2158 1230 2219 autem
1258 2156 1430 2221 lohannes:
1448 2175 1468 2215 n

280 2278 393 2324 omns
429 2259 680 2324 mendacium
716 2278 790 2324 non
824 2262 887 2325 est
919 2278 962 2323 er
994 2260 1185 2325 ueritate.
1228 2280 1323 2327 omne
1356 2283 1430 2347 ergo

278 2364 478 2430 mandacium
515 2384 577 2431 uon
613 2368 664 2430 est
698 2366 833 2431 iustum.
876 2368 1068 2450 quapropter
1105 2367 1229 2449 quando
1266 2370 1361 2434 nobis
1394 2371 1430 2433 de

280 2470 446 2554 seripturis
479 2470 599 2536 sanetis
631 2472 805 2537 mentiendi
836 2475 1055 2556 proponuntur
1082 2475 1234 2557 exempla,
1263 2478 1322 2539 aut
1346 2494 1430 2540 men·

279 2577 369 2641 daoia
400 2597 461 2641 non
495 2580 579 2646 sunt,
613 2578 670 2642 sed
696 2580 849 2661 putantur
876 2598 957 2656 osse,
987 2578 1062 2643 dum
1095 2598 1155 2645 non
1190 2580 1430 2666 intelleguntur,

279 2686 345 2762 aut,
378 2684 406 2748 si
438 2684 604 2749 mendacia
635 2688 720 2763 sunt,
753 2684 907 2751 imitanda
938 2705 999 2751 non
1029 2690 1113 2763 suut,
1143 2686 1219 2769 quie
1245 2688 1333 2753 iusta
1360 2706 1468 2753 ossea

278 2809 338 2854 non
362 2795 508 2873 possunt.

324 2896 377 2959 32.
403 2894 466 2961 Sed
491 2896 575 2980 quod
599 2898 754 2982 seriptum
779 2902 829 2963 est
849 2900 924 2963 bene
945 2898 1040 2963 deum
1058 2899 1172 2965 feoisse
1192 2919 1265 2965 oum
1285 2900 1429 2967 hebraeis

367 3156 493 3212 211011.
512 3158 575 3222 3,4
644 3159 893 3225 11Ps.118,142
963 3160 1104 3215 ltIIob.
1124 3161 1149 3224 2,
1170 3162 1202 3214 21
1273 3162 1309 3215 22
1329 3160 1363 3215 oi.
1383 3162 1428 3216 Er.

280 3246 304 3309 1,
325 3246 356 3299 17
377 3262 433 3315 sqq.

314 3406 407 3458 lesse
425 3405 541 3458 iniustas
560 3422 611 3460 om.
636 3406 675 3477 Vq
755 3407 883 3478 iniustos]
903 3408 1038 3463 iustssT
1100 3410 1252 3465 biniustas
1275 3410 1302 3463 Τ
1367 3427 1426 3465 esse

275 3492 436 3562 iniquitates
459 3493 486 3546 V
572 3494 703 3549 iohannes
722 3497 895 3566 apostolusq
982 3500 1068 3552 omnis
1087 3516 1138 3554 om.
1163 3498 1189 3552 V
1277 3498 1383 3553 biaeit
1400 3504 1425 3551 et

276 3580 448 3650 iniquitatem
460 3582 497 3635 bd
537 3585 566 3636 et
579 3584 751 3652 iniquitatem
764 3584 926 3655 TFLOVaq
980 3587 1337 3657 iniquitatem-peecatum
1346 3602 1425 3655 emp

278 3675 306 3721 et
324 3673 465 3739 peceatum
484 3669 581 3739 FLVp
633 3673 735 3742 tergo
749 3690 804 3742 pro
823 3674 909 3743 igitur
927 3674 965 3729 od
1036 3692 1095 3742 timi
1114 3680 1294 3746 peccatumq
1350 3676 1424 3729 bre·

276 3758 401 3827 ponimus
426 3758 462 3826 Vt
551 3760 569 3813 6
592 3760 640 3814 sed
663 3762 721 3831 aut]
746 3765 788 3815 set
811 3765 843 3816 ut
865 3762 955 3817 Tsed
978 3764 1005 3817 V
1110 3767 1308 3833 peceato-pro
1328 3780 1380 3818 om.
1404 3762 1426 3815 V

277 3846 376 3900 isunt
394 3848 534 3916 appellata
555 3848 583 3902 V
641 3867 743 3919 paenae
761 3850 799 3905 M
814 3868 901 3921 poene
921 3871 937 3922 φ
956 3858 1057 3922 penei
1111 3852 1303 3919 8dioenturt
1366 3850 1422 3921 pla-

275 3951 327 3987 nae
345 3934 383 3988 Μ
399 3936 477 4005 plene
500 3937 551 3993 TO
600 3941 747 4009 9peceata
766 3942 807 4009 (ta
824 3958 845 3996 a.
867 3942 932 4013 llp
988 3942 1144 4011 dicenturt
1195 3944 1228 3997 10
1247 3942 1292 3996 dei
1310 3942 1421 4013 legem}

278 4024 309 4076 ll
330 4040 412 4095 saep
486 4026 557 4095 quod
576 4028 628 4098 est]
648 4029 756 4098 quidem
777 4048 793 4097 γ
848 4032 881 4085 12
899 4031 1130 4087 iustum—eutem
1148 4048 1236 4105 om.p
1294 4034 1327 4085 13
1346 4046 1419 4083 omne

277 4130 336 4165 esse
361 4112 387 4164 V
455 4116 624 4171 mendacium
643 4134 722 4172 omne
741 4119 791 4187 ped
862 4121 956 4191 igitur]
977 4138 1040 4191 ergo
1060 4121 1098 4175 bd
1152 4122 1185 4175 14
1204 4138 1263 4176 esse
1277 4124 1369 4191 potest
1386 4116 1419 4171 td

279 4202 312 4255 16
331 4202 406 4272 ergo]
425 4203 542 4275 igiturq
643 4208 675 4260 l‘l
695 4208 728 4262 de
748 4210 889 4279 scripturis
908 4211 1009 4263 sanetis
1028 4211 1106 4266 nobis
1125 4216 1137 4279 β
1236 4210 1269 4263 18
1288 4212 1417 4279 ponuntur

276 4288 475 4359 RTFLOqu
550 4293 583 4346 19
601 4292 740 4348 sed-non
759 4300 824 4349 sunt
842 4312 893 4349 om.
917 4296 943 4349 T
1008 4298 1043 4351 22
1062 4298 1144 4369 quod]
1165 4314 1224 4353 eum
1248 4296 1274 4350 V
1343 4295 1412 4349 deum

275 4376 345 4431 bene
370 4376 395 4430 V
464 4378 560 4434 iecisse
579 4380 691 4449 deuml
763 4383 868 4438 ebreais
885 4386 923 4439 Μ
939 4386 1070 4440 hebraeis
1091 4386 1117 4439 Τ
1133 4386 1240 4441 hebreis
1262 4384 1332 4455 OVq
