3109 4959
244 453 288 518 64
603 452 631 508 S.
659 454 800 509 Aureli
827 453 1046 522 Augustini

245 644 429 711 scientes
468 648 624 723 cauete,
661 666 707 711 ne
744 646 1020 712 infaustorum
1060 668 1194 713 erroro
1232 648 1396 716 seducti

245 751 453 817 decidatis
486 771 503 816 a
532 753 872 817 corroboratione
904 756 1054 829 uestra,
1089 757 1269 822 crescite
1301 776 1395 823 uero

243 858 283 922 in
306 860 444 943 gratia
467 862 507 923 et
529 859 756 924 intellectu
780 860 934 925 domini
953 862 1089 926 nostri
1109 865 1148 927 ot
1166 862 1395 929 saluatoris

245 966 342 1031 Iesu
367 966 537 1032 Christi.
565 966 649 1050 ipsi
672 967 808 1051 gloria
833 971 872 1033 et
895 987 997 1034 nuno
1022 972 1061 1034 et
1083 970 1121 1035 iu
1146 969 1249 1035 diem
1274 972 1396 1035 aeter-

245 1074 407 1139 nitatis.
1429 1102 1443 1139 ⁵

290 1181 343 1243 23.
375 1180 511 1245 Iacobus
544 1184 652 1246 autem
683 1184 750 1247 tam
783 1182 988 1247 uehementer
1018 1181 1153 1247 infestus
1183 1186 1232 1248 est
1260 1183 1317 1262 eis,
1342 1184 1397 1266 qui

244 1285 374 1369 sapiunt
396 1285 491 1351 fidem
514 1286 582 1351 sino
605 1286 754 1370 operibus
776 1286 883 1351 ualere
908 1287 946 1352 ad
971 1289 1121 1367 salutem,
1145 1292 1183 1353 ut
1205 1289 1280 1355 illos
1300 1290 1394 1355 otiam

245 1391 453 1457 daemonibus
487 1395 636 1475 conparet
668 1391 792 1457 dicens:
826 1396 869 1457 tn
902 1393 1036 1458 credis
1074 1396 1262 1476 qnoniam
1294 1415 1397 1461 unus

247 1502 311 1564 est
347 1498 468 1565 deus?
506 1499 606 1564 bene
643 1498 766 1576 iacis3
807 1502 846 1565 et
883 1500 1100 1567 daemonas
1143 1501 1316 1567 credunt
1358 1506 1399 1567 et

246 1609 587 1671 contremescunt.
627 1604 705 1687 qnid
741 1606 883 1685 breuius,
920 1606 1040 1683 uerius,
1073 1608 1295 1675 uehementius
1333 1608 1398 1674 diei
1418 1625 1445 1663 ιο

245 1713 361 1797 potuit,
391 1732 465 1779 oum
492 1715 525 1776 ct
551 1712 585 1777 in
613 1713 780 1796 euangelio
808 1713 954 1797 legamus
983 1714 1042 1779 hoo
1076 1713 1193 1779 dixisse
1222 1714 1398 1789 daemonia,

246 1839 320 1885 cum
338 1820 502 1885 Christum
525 1818 628 1884 filium
652 1818 703 1883 dei
727 1819 954 1885 confiterentur
973 1823 1005 1885 et
1023 1822 1061 1885 ab
1082 1820 1137 1886 illo
1157 1822 1398 1903 corriperentur,

246 1926 332 2010 qnod
362 1927 395 1992 in
422 1926 510 1991 Petri
542 1926 739 1991 confessione
772 1926 937 1992 laudatum
970 1930 1041 1991 ost?
1074 1926 1170 2010 qnid
1202 1926 1398 2009 proderit,

247 2034 291 2099 ait
330 2033 478 2111 Iacobus,
520 2032 673 2097 fratres
713 2033 801 2111 mei,
844 2033 878 2098 si
917 2033 1041 2099 fidem
1078 2034 1170 2115 quis
1208 2033 1321 2098 dicat
1357 2052 1399 2099 se

247 2141 406 2219 habere,
431 2158 554 2222 opora
576 2142 711 2205 autem
734 2158 810 2204 non
829 2140 1001 2205 habeat?
1024 2139 1219 2223 numquid
1242 2139 1400 2223 poterit
1418 2156 1446 2197 rs

246 2248 355 2313 fidos
379 2246 544 2312 saluare
570 2249 677 2313 eum?
702 2245 782 2311 dicit
805 2245 912 2325 etiam,
937 2248 1032 2330 quia
1059 2246 1168 2311 fides
1198 2247 1286 2311 sine
1314 2264 1400 2327 ope-

246 2354 362 2419 ribus
389 2355 551 2419 mortua
578 2355 650 2417 est.
679 2372 845 2436 quousque
874 2353 974 2437 igitur
1001 2354 1167 2432 falluntur,
1193 2352 1247 2435 qui
1276 2352 1314 2417 do
1337 2351 1400 2417 fide

246 2464 372 2526 mortua
395 2460 456 2524 sibi
479 2460 582 2524 uitam
605 2465 791 2541 perpetuam
816 2460 1020 2541 pollicentur!

290 2567 360 2633 XV.
385 2568 436 2631 24.
461 2564 660 2649 Quapropter
683 2566 852 2649 diligenter
876 2569 1001 2648 oportet
1019 2566 1197 2643 adtendere,
1219 2582 1280 2648 quo
1305 2564 1400 2629 modo

248 2674 432 2758 accipienda
463 2674 507 2738 sit
539 2672 677 2755 apostoli
704 2672 798 2737 Pauli
831 2672 888 2736 ills
916 2673 1081 2750 sententia,
1111 2672 1202 2754 plane
1236 2671 1275 2735 ad
1308 2670 1400 2736 intel·
1419 2692 1449 2733 so

246 2780 418 2865 legendum
451 2779 603 2857 difficilis,
627 2780 682 2844 ubi
717 2780 777 2843 ait:
811 2778 1118 2844 fundamentum
1151 2778 1254 2843 enim
1287 2777 1401 2842 aliud

248 2905 361 2951 nemo
388 2888 530 2968 potest
556 2904 704 2969 ponere
732 2888 896 2968 praeter
922 2885 962 2949 id
993 2885 1097 2968 quod
1120 2884 1303 2969 positum
1326 2887 1400 2962 ost,

249 2992 354 3075 quod
377 2997 441 3057 est
463 2992 658 3057 Christus
680 2991 811 3057 Iesus.
836 2992 870 3057 si
894 2992 986 3074 quis
1011 2995 1144 3057 autem
1169 2991 1401 3075 superaedi-

248 3099 487 3181 ficetsupsr
505 3098 813 3164 fundamentum
833 3117 981 3173 eurum,
998 3102 1221 3182 argentum,
1237 3096 1400 3179 lepidos

248 3206 468 3288 pretiosos,
497 3206 621 3289 ligne,
650 3204 797 3282 fenum,
828 3204 1037 3287 stipulam,
1069 3203 1400 3286 uniuscuiusque
1423 3222 1453 3265 ss

340 3467 429 3521 8Iao.
449 3467 474 3529 2,
495 3424 529 3520 19
598 3467 629 3519 11
650 3466 684 3520 cf.
703 3465 787 3520 Maro.
808 3466 833 3533 l,
852 3468 894 3519 24.
915 3467 950 3519 25
1016 3466 1048 3519 13
1068 3466 1101 3523 cs.
1121 3465 1220 3521 Meton.
1242 3466 1284 3529 16,
1305 3466 1346 3519 16.
1367 3464 1402 3517 17

252 3558 285 3611 14
303 3557 357 3613 Iao.
377 3557 403 3618 2,
424 3557 466 3609 14.
485 3556 520 3609 20
575 3556 607 3609 21
629 3556 643 3609 1
661 3554 722 3609 Cor.
741 3556 766 3618 3,
789 3556 893 3609 11-15

288 3734 301 3787 1
322 3731 529 3786 infautoruml
623 3733 642 3785 4
660 3730 703 3784 die
722 3730 952 3785 SMRBNPAX
1049 3733 1065 3787 6
1083 3734 1141 3785 tans
1159 3748 1209 3788 om.
1230 3729 1407 3785 SMBARN

250 3823 368 3877 infessus
390 3818 548 3874 ΒΝΡΑΜι
570 3818 693 3873 infensus
715 3818 845 3873 SRXM²
954 3820 987 3874 10
1011 3821 1222 3875 contremiscunt
1240 3816 1406 3885 mauors

250 3910 419 3966 neementius
437 3908 466 3963 R
526 3910 559 3963 13
578 3907 691 3977 prodest
707 3907 736 3961 P
797 3909 829 3962 14
849 3908 923 3963 dicat
941 3925 970 3963 ss
989 3909 1050 3979 quis
1069 3908 1135 3962 Poe
1195 3910 1227 3962 15
1246 3908 1360 3961 haberet
1377 3906 1406 3959 P

253 4002 285 4055 17
308 3999 405 4068 igitur]
430 4014 493 4068 ergo
520 3997 557 4051 dd
647 3997 680 4051 19
704 3996 851 4066 diligenter
874 3998 1005 4053 carissimi
1029 3998 1060 4053 N
1148 3996 1179 4050 21
1206 3996 1278 4049 enirn
1301 4012 1353 4049 om.
1377 3995 1408 4049 P

252 4090 286 4142 22
305 4087 422 4158 praeter]
441 4103 490 4155 per
507 4084 567 4141 SM
638 4090 667 4139 et
684 4086 804 4155 positum
823 4086 850 4139 P
904 4086 938 4141 23
958 4086 1166 4157 superaedificat
1183 4084 1276 4155 (super
1293 4100 1315 4138 ε.
1335 4083 1408 4151 z.)0

252 4175 380 4231 aedificat
397 4176 442 4230 ΙΖ
459 4172 734 4245 ειιροταοάἰῆοευίῐβ
842 4177 877 4229 24
901 4174 1105 4229 fundamentum
1124 4174 1176 4227 hoo
1199 4173 1262 4243 (hoo
1278 4188 1299 4227 e.
1321 4172 1338 4227 l.
1358 4170 1403 4237 N)

251 4265 346 4320 Poto
433 4264 468 4320 25
485 4264 622 4335 preciosos
640 4263 669 4318 R
687 4265 837 4332 praetiosos
856 4264 888 4319 N
994 4264 1102 4319 foenum
1124 4262 1331 4317 durofostum
1350 4260 1407 4315 ΑΡ

252 4354 354 4424 stipula
370 4354 399 4407 P
