3109 4959
290 467 357 530 470
652 464 678 516 S.
707 462 844 518 Aureli
872 462 1088 532 Augustini

291 658 370 735 zelo,
395 676 456 739 quo
482 656 635 721 aduersus
660 657 756 722 etiam
778 658 916 723 latentes
939 658 1117 723 haereticos
1141 657 1275 723 frendes.
1300 658 1359 723 sed
1384 678 1443 724 non

291 763 369 827 mihi
397 762 607 845 persuadetur
634 781 688 827 eos
717 762 756 827 de
782 762 914 829 latebris
942 764 1010 829 suis
1034 764 1152 828 uostris
1176 783 1246 829 esse
1269 764 1443 830 mendaciis

291 869 455 936 eruendos.
471 869 598 952 utquid
619 870 703 934 enim
722 888 777 934 eos
797 873 886 935 tanta
905 889 981 935 cura
1001 872 1160 955 uestigare
1180 875 1274 954 atque
1293 870 1444 957 indagare

291 994 451 1055 conamur,
480 976 542 1041 nisi
570 979 607 1040 ut
635 980 744 1060 captos
771 976 804 1040 in
833 978 1041 1061 apertumque
1069 976 1240 1061 productos
1268 978 1444 1043 autetiam

290 1084 378 1164 ipsos
406 1081 574 1148 ueritatem
602 1083 772 1149 doceamus
797 1086 852 1149 aut
877 1088 960 1149 corte
983 1084 1118 1150 ueritate
1142 1084 1305 1151 conuictos
1328 1105 1443 1151 nocere
1469 1106 1479 1145 r

291 1188 363 1253 aliis
386 1208 447 1253 non
471 1188 634 1254 sinamus?
658 1190 782 1255 adhoc
806 1209 891 1275 ergo,
916 1195 954 1255 ut
980 1209 1088 1255 eorum
1112 1192 1312 1256 mendacium
1340 1192 1445 1257 delea-

291 1300 344 1359 tur
368 1295 438 1360 siua
462 1300 622 1373 caueatur,
643 1296 694 1361 dei
713 1300 821 1361 autem
839 1297 959 1363 ueritas
979 1302 1141 1382 augeatur.
1167 1299 1324 1381 quomodo
1343 1300 1446 1384 igitur

291 1402 455 1467 mendacio
488 1402 652 1467 mendacia
683 1406 767 1468 recte
800 1406 909 1487 potero
943 1404 1112 1488 persequi?
1153 1425 1190 1469 an
1219 1410 1252 1469 et
1276 1406 1444 1471 latrocinio

291 1509 457 1573 latrocinia
489 1513 522 1574 et
549 1509 716 1595 sacrilegio
745 1510 913 1595 sacrilegia
941 1514 973 1575 et
1000 1510 1156 1576 adulterio
1184 1517 1260 1577 sunt
1286 1512 1444 1577 adulteria

293 1615 531 1698 persequenda?
568 1616 602 1680 si
630 1620 763 1681 antem
792 1617 950 1682 ueritas
976 1616 1039 1682 dei
1062 1618 1101 1682 in
1125 1637 1207 1682 mso
1231 1618 1442 1684 mendacio
1461 1639 1481 1675 ro

293 1722 529 1799 abundabit,
558 1722 785 1805 numquidnam
815 1726 847 1787 ot
869 1742 926 1789 nos
951 1724 1067 1789 dicturi
1091 1744 1217 1791 sumus:
1242 1725 1442 1790 faciamus

293 1829 405 1909 mala,
430 1833 473 1894 ut
495 1829 665 1894 ueniant
688 1830 813 1895 bona?
842 1830 927 1913 quod
950 1830 1041 1895 uides
1066 1829 1332 1915 quemadmodum
1359 1832 1445 1897 dete-

294 1939 397 2001 stetur
415 1936 591 2018 apostolus.
612 1935 687 2019 quid
708 1939 758 2000 est
776 1936 860 2000 enim
880 1936 967 2001 aliud
986 1938 1195 2015 mentiamur,
1211 1940 1248 2001 nt
1265 1938 1444 2003 haereticos

293 2042 461 2108 mendaces
490 2041 528 2107 ad
557 2042 725 2107 ueritatem
755 2043 974 2123 adducamus,
995 2044 1072 2107 nisi:
1102 2042 1300 2109 faciamus
1328 2044 1443 2109 mala.

293 2153 336 2214 ut
359 2149 527 2215 ueniant
549 2150 675 2214 bona?
699 2169 737 2213 an
761 2149 930 2231 aliquando
955 2149 1073 2215 bonum
1093 2154 1143 2215 est
1165 2150 1368 2215 mendacium
1392 2151 1443 2215 uel
1461 2167 1482 2205 c

294 2256 462 2339 aliquando
486 2256 685 2320 mendacium
707 2274 770 2319 non
795 2258 845 2320 est
866 2257 1008 2319 malum?
1033 2274 1089 2320 eur
1111 2274 1185 2339 ergo
1205 2256 1359 2337 scriptum
1380 2262 1442 2321 est:

295 2361 435 2440 odisti,
455 2362 624 2443 domins,
650 2382 797 2441 omnes,
821 2362 889 2444 qui
913 2364 1135 2445 operantur
1157 2362 1442 2444 iniquitatem

293 2469 439 2552 perdes
464 2488 599 2535 omnes
624 2470 693 2552 qui
715 2470 944 2550 loquuntur
966 2468 1242 2533 mendacium?
1274 2471 1441 2534 nonenim

294 2578 419 2659 aliquos
447 2575 571 2658 excepit
599 2578 654 2640 aut
680 2575 844 2640 indefinite
873 2576 951 2641 dixit
973 2575 1096 2658 ‘perdes
1123 2576 1290 2658 loquentes
1318 2576 1444 2640 menda·

294 2683 401 2760 cium‘‚
424 2685 461 2746 ut
484 2683 650 2765 quosdam,
673 2701 734 2748 non
759 2702 868 2747 ornnes
892 2682 1037 2767 intellegi
1061 2682 1188 2759 sineret,
1208 2681 1264 2746 sed
1282 2682 1442 2746 uniuersa·
1459 2698 1483 2734 u

293 2790 356 2853 lom
377 2789 565 2854 sententiam
583 2788 853 2871 protulitdicens:
872 2789 1017 2872 perdes
1037 2807 1172 2852 omnes
1192 2789 1259 2870 qui
1276 2787 1444 2870 loquun-

386 2998 419 3051 10
439 2998 515 3051 Rom.
540 2996 564 3061 3,
585 2996 610 3049 7.
629 2997 646 3050 8
704 2996 735 3049 17
754 2996 799 3049 Pe.
819 2996 843 3061 5,
864 2996 889 3049 6.
910 2996 925 3049 'l

332 3120 476 3191 lquodp
550 3120 634 3174 etiam
652 3135 703 3174 om.
727 3119 754 3172 V
824 3118 940 3173 frendes.
961 3118 1020 3188 aed]
1041 3118 1189 3173 frendisset
1212 3118 1290 3173 Tem
1363 3120 1446 3172 2002

295 3210 393 3265 om.V
446 3207 580 3263 eruendos
598 3208 780 3279 mendaciisq
839 3206 1078 3263 merrdatiisR¹P²
1096 3206 1241 3262 mendatiis
1261 3212 1317 3275 set
1353 3208 1446 3262 3ser·

296 3296 400 3351 uandos
422 3295 490 3350 Tou
579 3298 659 3349 tanta
677 3312 741 3349 eura
759 3313 805 3350 eos
824 3294 877 3350 FL
966 3297 1135 3365 inuestigare
1154 3296 1193 3361 (in
1212 3312 1233 3350 a.
1254 3296 1284 3361 1)
1304 3293 1449 3365 Refer

296 3392 394 3455 atquae
413 3403 431 3455 φ
450 3402 549 3455 unqua
571 3384 612 3439 oo
700 3389 768 3439 lut
786 3385 839 3439 nisi
863 3384 889 3437 V
967 3386 1063 3453 captur
1086 3383 1154 3439 Tou
1234 3382 1384 3454 productus
1407 3383 1448 3436 Cla

296 3480 312 3529 5
332 3475 472 3529 conuictus
494 3474 535 3529 Ol»
553 3474 711 3528 conuinetos
731 3474 755 3527 0
808 3474 824 3526 6
844 3474 917 3543 aliis]
937 3472 993 3527 illis
1013 3473 1040 3527 P
1120 3472 1166 3543 ad]
1187 3473 1221 3527 ob
1244 3472 1280 3527 T¹
1299 3473 1332 3527 ab
1354 3469 1448 3527 Y'Clr‘

297 3570 326 3618 at
344 3564 372 3619 R
443 3580 506 3632 ergo
525 3578 577 3617 om.
601 3561 639 3615 W
700 3564 826 3617 'lautam
846 3578 898 3618 om.
923 3562 949 3615 V
1018 3563 1103 3632 igitur
1122 3579 1211 3633 onaq
1272 3558 1450 3615 amendata:

295 3652 434 3707 mendatio
452 3672 471 3724 q
538 3651 677 3706 mendatio
696 3654 810 3719 (semper
822 3650 921 3719 feret)
936 3652 1002 3722 qu
1020 3648 1191 3705 mendacium
1211 3650 1237 3703 V
1306 3647 1450 3703 mandaris

297 3759 348 3795 om.
373 3741 399 3794 V
487 3743 561 3810 recte
578 3738 607 3793 R
697 3740 824 3809 persequi
844 3740 864 3805 (i
882 3756 904 3795 a.
925 3746 993 3806 roa.)
1017 3739 1058 3793 or
1145 3738 1399 3808 asacrllegiaon.
1419 3738 1450 3807 φ’

298 3830 434 3884 adulteria
452 3834 515 3883 sunt
534 3834 546 3897 β
618 3828 753 3883 adulteria
771 3845 822 3883 om.
847 3829 870 3883 V
961 3830 992 3882 ll
1015 3832 1043 3882 et
1061 3828 1233 3883 habundabit
1255 3826 1323 3881 Teo
1340 3824 1449 3879 habun-

298 3919 376 3973 dabit
393 3918 472 3991 Jeep
490 3917 662 3972 habundauit
679 3916 720 3972 R²
737 3917 938 3972 habundauerit
961 3917 987 3970 V
1043 3916 1237 3987 numquidnam
1256 3916 1296 3985 et]
1316 3915 1451 3983 numquin

297 4011 382 4061 nanet
403 4007 443 4061 Cle
461 4006 646 4077 numquidndn
669 4006 842 4075 Tuamquid
865 4006 891 4059 V
931 4007 964 4061 12
984 4005 1252 4077 quemammodumqa
1272 4000 1410 4074 quomodo
1424 4002 1452 4055 L

299 4094 452 4148 detestatur
474 4093 501 4146 V
566 4092 815 4163 respecturum
884 4094 916 4148 15
936 4093 981 4147 uel
1000 4092 1147 4163 aliqnando
1167 4090 1335 4147 mendacium
1353 4106 1451 4161 caup

299 4184 333 4237 16
353 4198 421 4250 quur
443 4180 493 4234 TO
564 4182 596 4234 ll
616 4180 723 4233 domino
742 4196 794 4235 om.
817 4180 868 4233 FL
943 4180 976 4236 18
995 4180 1092 4250 perdes
1110 4180 1170 4247 (des
1187 4198 1209 4238 a.
1230 4182 1248 4235 l.
1267 4196 1302 4237 ra.
1319 4184 1384 4237 rec.)
1409 4178 1452 4231 Ch

299 4272 424 4325 locuntur
443 4270 557 4338 (semper
570 4268 632 4335 fere
651 4270 676 4339 c)
695 4268 818 4341 pRTVq
873 4269 1040 4324 mendatium
1056 4273 1170 4339 (seraper
1181 4270 1244 4338 sere
1258 4271 1281 4337 l)
1295 4268 1321 4322 P
1355 4267 1394 4321 la
1408 4268 1451 4321 irr-

299 4358 407 4412 difinite
429 4359 454 4411 T
472 4356 614 4410 indefinite
634 4358 707 4427 (ierit.
720 4358 748 4411 in
761 4375 783 4411 a.
800 4358 829 4423 l.)
844 4358 871 4413 R
922 4358 956 4413 20
971 4358 1066 4413 siniret
1082 4356 1124 4414 do
1172 4358 1205 4413 21
1223 4358 1313 4414 dicens
1326 4370 1381 4409 om.
1398 4354 1454 4409 PL
