3109 4959
603 440 821 495 Praelatio.
1129 444 1279 511 XXXXV

128 638 205 715 676,
231 638 265 715 3;
291 639 369 716 677,
396 638 437 702 16
460 636 500 702 61.
525 641 634 719 aperta
656 634 858 719 interpolatio
882 634 1127 717 deprehenditur
1148 656 1177 719 p.
1201 636 1278 715 667,

126 748 148 808 4
174 744 250 809 olibi
272 745 464 809 imitandum
487 747 515 809 ct
536 742 718 807 mirandem
741 739 978 824 PFODBWy.

174 850 292 917 Omnes
320 851 476 917 editiones
504 868 584 934 quae
611 869 711 915 unum
740 848 869 932 aliquod
896 849 1085 931 opusculum
1113 849 1198 933 typis
1222 847 1409 914 (le-aneos„

126 958 284 1040 scriptum
313 956 462 1022 exhibent
487 958 672 1038 percensere
699 972 803 1037 neque
830 954 955 1019 animus
983 958 1034 1021 est
1059 974 1161 1037 neque
1188 956 1217 1021 si
1243 955 1277 1021 id

125 1064 343 1147 suscepissem
369 1080 481 1147 operae
503 1062 641 1147 pretium
665 1062 825 1127 fecissem.
861 1078 934 1125 nem
963 1080 1043 1145 quae
1067 1062 1220 1127 editiones
1243 1062 1276 1127 in

124 1172 230 1237 lucem
256 1171 392 1235 emissae
416 1174 490 1235 sunt
514 1170 661 1235 codicum
684 1169 875 1233 auctoritate
898 1168 1070 1234 destitutae
1092 1168 1172 1233 nihil
1190 1170 1277 1235 utili·

124 1278 203 1343 tatis
227 1278 354 1343 hahent.
383 1296 485 1360 neque
508 1276 638 1341 Florum
663 1294 720 1341 seu
743 1276 863 1339 Bedam
887 1274 996 1340 curaui
1021 1276 1075 1357 qui
1096 1275 1214 1341 librum
1236 1277 1275 1341 de

124 1386 207 1451 hono
243 1384 414 1451 uiduitatis
446 1384 510 1448 lere
542 1386 646 1447 totum
683 1381 939 1465 transscripsisse
975 1382 1168 1464 perhibetur,
1201 1402 1275 1449 cum

123 1492 313 1575 praesertim
338 1491 510 1574 scripturas
535 1500 568 1553 66
592 1489 629 1553 06
653 1489 713 1554 hoc
737 1508 830 1572 opere
850 1491 883 1553 66
901 1488 940 1553 06
959 1489 1076 1571 scripto
1095 1488 1136 1553 06
1154 1490 1274 1571 nuptiis

123 1604 158 1664 66
185 1598 444 1682 concupiscentia
470 1598 583 1661 allatas
612 1595 777 1662 aestimare
806 1614 942 1678 possem.
979 1598 1118 1660 ceterum
1148 1596 1202 1677 qni
1235 1595 1274 1660 de

122 1706 277 1770 memoria
295 1705 409 1768 talium
428 1703 604 1768 editionum
624 1702 748 1767 edoceri
766 1701 876 1767 uolent
895 1702 1009 1767 adeant
1026 1702 1144 1768 librum
1159 1702 1274 1767 Schoe-

121 1812 231 1876 manni
264 1810 318 1893 qui
345 1809 529 1876 inscribitur
556 1810 767 1886 ,Bibliotheca
794 1808 1115 1875 historico-litteraria
1140 1809 1272 1875 Petrum

122 1918 309 1983 Latinorum
337 1917 434 1982 1186
460 1919 537 1999 sqq’
567 1920 621 1981 aut
644 1916 752 2000 Migue
782 1918 814 1979 et
837 1915 926 1980 alios.
963 1916 1175 2000 perstringere
1197 1918 1271 1982 uolo

122 2024 204 2089 duas
235 2024 439 2107 potissimum
473 2024 628 2087 editiones
660 2028 692 2086 66
719 2042 826 2087 earum
855 2042 918 2087 una
944 2026 994 2087 est
1020 2024 1045 2088 1.
1070 2022 1272 2088 Amerhachii

120 2150 203 2213 quae
226 2130 371 2195 Basileae
395 2150 422 2194 a.
448 2131 533 2195 1506
556 2128 674 2213 prodiit
696 2166 740 2175 -
759 2132 836 2194 torn.
856 2129 963 2194 I-XI
985 2166 1028 2175 —
1052 2131 1151 2195 altera
1173 2130 1271 2195 Bene·

120 2236 313 2302 dictinorum
338 2236 392 2319 qui
410 2235 448 2301 A.
468 2236 641 2319 Augustini
664 2254 757 2317 opera
779 2236 864 2300 1680
889 2255 957 2317 sqq.
982 2236 1168 2312 emiserunt;
1193 2236 1271 2301 haec

120 2344 276 2427 opuscula
305 2344 329 2407 t.
353 2341 399 2407 VI
427 2342 628 2407 continentur
656 2341 710 2425 qui
733 2360 813 2405 anno
839 2343 923 2405 1885
948 2341 980 2405 16
1003 2343 1107 2405 lucem
1131 2341 1270 2407 emissus

120 2452 252 2513 estnon
274 2450 359 2512 1886
380 2448 463 2513 sicut
480 2448 512 2512 in
532 2448 690 2529 prioribus
715 2446 862 2513 codicum
885 2447 1006 2512 tabulis
1025 2447 1149 2529 scripsi.
1173 2451 1269 2531 atque

117 2556 290 2620 Iohannem
320 2554 565 2619 Amerbachium
593 2554 624 2618 in
653 2554 791 2637 paranda
818 2554 958 2619 editione
981 2552 1011 2619 S.
1034 2556 1072 2619 A.
1095 2554 1269 2639 Augustini

117 2680 250 2743 operum
279 2661 390 2725 ltaliae
419 2659 541 2726 Galliae
571 2659 757 2725 Germaniae
786 2660 996 2725 bibliothecas
1025 2662 1267 2743 perscrutandas

116 2768 281 2834 curauisee
309 2771 420 2833 notum
448 2770 507 2833 est.
543 2768 583 2830 ad
611 2786 745 2849 quorum
773 2772 882 2832 autem
910 2766 1054 2832 codicum
1084 2768 1268 2833 testimonia

115 2876 316 2959 singulorum
350 2875 575 2957 opusculorum
615 2874 710 2939 uerba
745 2874 904 2939 retinuerit
939 2894 1096 2958 nusquam
1132 2874 1265 2951 indicat3

114 2986 221 3045 tamen
246 2984 394 3045 accurata
417 2980 647 3063 scripturarum
670 2981 899 3046 examinatione
927 2981 1098 3045 edocemur
1120 2980 1150 3045 in
1178 2981 1265 3046 uolu-

115 3088 257 3152 minibus
280 3088 361 3152 6666
379 3092 501 3169 partem
522 3087 756 3152 continentibus
775 3087 869 3153 modo
889 3087 1028 3152 uetustis
1046 3087 1141 3153 modo
1160 3106 1265 3153 recen-

113 3194 252 3257 tioribus
278 3194 510 3277 exemplaribus
534 3213 629 3259 usum
654 3214 732 3259 esse.
765 3194 849 3277 quod
875 3214 969 3277 qnam
991 3214 1065 3259 uere
1088 3194 1264 3259 iudicatum

113 3300 159 3364 616
191 3304 227 3365 66
259 3301 462 3386 intellegatur
494 3301 532 3365 ad
565 3300 687 3383 aliquot
717 3301 806 3366 locos
839 3322 893 3365 eos
928 3302 981 3385 qui
1012 3322 1079 3366 rem
1116 3304 1264 3385 persequi

112 3405 225 3471 uolent
247 3408 390 3471 reiciam:
416 3427 445 3490 p.
472 3410 502 3485 4,
527 3408 585 3483 21;
611 3409 641 3483 9,
669 3410 717 3472 14.
745 3410 800 3483 16;
828 3410 879 3484 14,
904 3410 961 3483 22;
986 3410 1041 3486 21,
1067 3411 1099 3485 1;
1127 3411 1200 3486 118,
1228 3412 1261 3484 1;

114 3515 191 3589 123,
216 3516 251 3591 5;
276 3516 352 3589 205,
377 3516 411 3589 2;
437 3517 513 3592 213,
535 3518 591 3589 2ος
617 3516 769 3593 217,18;
796 3516 925 3591 269,1;
951 3518 1026 3590 278,
1050 3519 1104 3590 19;
1130 3518 1205 3592 559,
1226 3520 1260 3590 2;

111 3621 190 3697 562,
217 3622 271 3697 17;
298 3622 373 3697 607,
400 3624 432 3697 1;
459 3622 535 3699 611,
556 3624 590 3696 9;
616 3624 690 3699 613,
714 3624 768 3698 15;
795 3624 869 3701 617,
890 3625 924 3697 5;
950 3624 1025 3698 631,
1046 3624 1103 3693 20:
1128 3624 1203 3698 645,
1223 3626 1260 3697 4;

112 3729 189 3806 646,
215 3730 250 3803 2;
280 3730 356 3806 684,
382 3730 438 3803 21;
469 3728 544 3807 685,
570 3731 625 3805 18;
651 3730 726 3805 690,
754 3730 836 3793 161.
875 3750 955 3813 quae
984 3750 1057 3795 cum
1086 3731 1132 3793 ita
1155 3734 1262 3794 essent

109 3834 277 3917 supersedi
302 3835 449 3901 omnibus
473 3835 552 3901 locis
576 3837 735 3901 uariantes
761 3836 934 3919 scripturas
958 3856 1123 3919 apponere.

155 3940 319 4005 Maurinos
344 3943 450 4005 autern
475 3941 722 4006 emendationem
748 3942 922 4025 Augustini
946 3962 1076 4025 opernm
1095 3962 1169 4025 prae
1187 3944 1259 4009 61116

109 4044 290 4110 editoribus
313 4047 450 4110 multum
476 4046 659 4127 prouenisse
683 4047 754 4129 quis
779 4050 830 4112 est
849 4048 904 4129 qui
923 4048 1063 4112 nesciat?
1086 4068 1157 4112 rara
1175 4048 1259 4113 enim

107 4150 264 4215 felicitate
298 4150 347 4215 usi
381 4152 620 4217 uetustissimos
654 4152 856 4235 optimosque
890 4153 1015 4218 codices
1044 4173 1060 4217 6
1091 4154 1258 4219 616116666-

107 4276 219 4321 carum
246 4256 377 4321 latebris
406 4262 513 4321 erutos
542 4276 635 4321 suum
663 4259 695 4322 in
720 4278 816 4322 usum
840 4264 1073 4324 conuerterant.
1111 4260 1196 4325 sicut
1218 4261 1258 4323 ad

106 4362 264 4447 opuscula
297 4362 336 4426 de
368 4362 428 4426 fide
462 4367 494 4427 et
526 4364 674 4445 operibus
708 4364 746 4430 06
778 4366 860 4430 6666
895 4367 1053 4450 coniugali
1082 4369 1120 4431 de
1148 4372 1258 4432 saneta
