3109 4959
454 445 496 498 de
524 446 770 502 adulterinis
799 450 1002 518 coniugiis
1229 455 1293 519 357

143 639 197 723 qui
230 643 354 722 praeter
386 659 515 706 oausam
547 641 763 708 fornicationis
798 663 925 710 uxorem
954 644 1112 710 dimiserit
1139 649 1172 711 et
1198 646 1293 710 aliam

143 747 275 822 durent,
308 748 475 812 moechum
513 749 753 832 pronuntiamus
790 770 848 815 neo
880 750 950 818 ideo
983 757 1090 816 tamen
1122 772 1205 832 eum,
1239 753 1293 835 qui

141 856 269 936 propter
297 873 424 918 oausam
453 855 670 920 fornicationis
700 856 858 922 dimiserit
885 863 918 923 et
940 861 1071 924 alteram
1096 858 1229 937 duxerit,
1253 860 1293 924 ab

141 961 237 1025 huius
270 962 392 1044 peccati
424 962 495 1026 labe
529 961 738 1028 defendimus.
776 964 887 1030 ambos
921 965 1015 1043 enim,
1048 966 1125 1031 licet
1157 966 1292 1030 alterum

111 1066 240 1132 saltero
265 1066 405 1150 grauius,
424 1067 574 1133 moechos
599 1071 705 1132 tamen
730 1089 801 1134 esse
826 1071 1058 1154 cognoscimus.
1083 1072 1292 1154 nequeenim

141 1174 310 1256 quisquam
342 1173 388 1237 ita
419 1179 468 1238 est
500 1174 667 1250 absurdus,
692 1177 729 1240 ut
752 1176 921 1240 moechum
945 1181 1040 1262 neget
1063 1197 1133 1242 esse
1157 1177 1212 1261 qui
1235 1177 1293 1241 du·

139 1280 220 1344 xerit
243 1299 322 1356 eam,
347 1297 441 1361 quam
464 1281 598 1344 maritus
621 1285 749 1363 proptor·
772 1302 902 1346 oausam
925 1282 1142 1348 fornicationis
1165 1283 1292 1358 abiecit,

140 1407 214 1452 enm
252 1387 420 1451 moechum
457 1386 542 1450 dicet
577 1405 660 1464 eum,
693 1389 748 1470 qui
781 1389 904 1454 duxerit
941 1409 1022 1466 eem,
1055 1408 1135 1472 quae
1167 1392 1293 1472 praeter

139 1513 269 1558 oensem
318 1491 536 1558 fornicatiouis
583 1493 705 1558 abiecta
753 1499 810 1559 est
860 1495 945 1561 siout
985 1515 1061 1579 ergo
1101 1497 1158 1560 isti
1198 1496 1292 1561 ambo

99 1623 123 1662 a
141 1605 216 1665 sunt
248 1599 372 1665 moechi
400 1637 443 1646 -
475 1599 568 1676 unde,
602 1618 672 1664 oum
707 1600 857 1666 dicimus:
895 1603 1089 1685 quicumque
1125 1602 1292 1667 mulierem

139 1711 265 1789 praeter
292 1725 420 1772 oausam
450 1705 667 1772 fornicationis
692 1725 709 1770 a
737 1707 807 1772 uiro
841 1707 1006 1774 dimissam
1040 1709 1172 1786 duxerit,
1205 1726 1293 1772 moe-

140 1814 263 1892 chetur,
301 1814 339 1878 de
378 1832 440 1878 uno
479 1813 607 1896 quidem
639 1813 782 1896 ipsorum
815 1815 952 1880 dicimus
983 1835 1041 1880 nec
1077 1821 1183 1880 tamen
1219 1815 1290 1881 ideo

139 1921 301 1986 moechari
328 1939 481 2004 negamus
510 1939 593 1996 eum,
618 1920 673 2002 qui
697 1939 766 1985 eam
790 1921 923 1996 duxerit,
948 1940 1043 2003 quem
1066 1927 1194 2006 propter
1218 1941 1290 1986 can·

139 2046 209 2092 sans
241 2025 459 2092 fornicationis
491 2026 625 2091 maritus
659 2026 817 2092 dimiserit
844 2063 887 2075 -
915 2029 970 2106 ita,
999 2047 1072 2093 oum
1105 2028 1197 2093 ambo
1226 2029 1292 2093 sint

98 2155 121 2196 a
139 2133 275 2210 moechi,
303 2137 335 2198 et
367 2132 421 2198 illo
453 2133 587 2210 seilicet,
618 2134 672 2215 qui
706 2133 864 2198 dimiserit
890 2153 1019 2198 uxorem
1047 2153 1138 2199 suam
1166 2137 1293 2218 praeter

139 2259 270 2305 causam
306 2240 522 2305 fornicationis
554 2245 587 2304 et
619 2240 712 2304 aliam
746 2239 879 2318 duxerit,
914 2245 946 2305 et
977 2241 1042 2318 ille,
1075 2242 1130 2323 qui
1161 2243 1292 2324 propter

139 2365 269 2411 causam
297 2346 515 2412 fornicationis
543 2365 637 2412 uxore
661 2346 794 2411 dimissa
817 2366 851 2412 se
874 2347 964 2412 alteri
988 2348 1197 2430 copulauerit,
1220 2365 1291 2429 pro·

137 2454 224 2519 fecto
257 2454 380 2535 quando
414 2453 452 2517 de
493 2472 556 2519 uno
594 2472 703 2518 eorum
741 2452 889 2538 legimus,
926 2473 986 2518 non
1024 2455 1069 2520 ita
1104 2453 1289 2539 intellegere

138 2560 303 2638 debemus,
328 2561 420 2642 quasi
443 2580 478 2626 ex
501 2561 560 2626 lroo
589 2563 669 2626 alter
692 2561 844 2626 moechus
869 2565 1002 2644 negatus
1026 2561 1078 2640 sit,
1101 2561 1186 2643 quod
1208 2561 1290 2626 alter

95 2686 120 2726 eo
137 2685 306 2751 expressus
329 2665 382 2732 sit.

184 2776 238 2838 10.
262 2773 324 2839 Sed
356 2773 384 2837 si
410 2774 470 2838 hoo
499 2774 698 2858 euangelista
725 2774 919 2852 Matthaeus,
948 2773 1023 2856 quis
1051 2793 1198 2857 expresse
1225 2794 1288 2839 una

136 2879 244 2961 speeie
268 2880 399 2946 alteram
417 2881 529 2956 tacuit,
549 2881 626 2946 fecit
645 2881 684 2945 od
703 2880 954 2965 intellegendum
973 2880 1113 2959 difficile,
1132 2881 1288 2963 numquid

135 3005 197 3052 non
218 2986 272 3050 alii
297 2987 485 3069 generaliter
506 2987 539 3050 id
562 2987 668 3070 ipsum
693 2987 737 3052 ita
761 2987 916 3070 complexi
935 2993 1020 3066 siunt,
1039 2991 1077 3051 ut
1095 2987 1133 3052 de
1152 2991 1288 3071 utroque

134 3092 240 3176 possit
270 3092 436 3176 intellegi?
468 3111 540 3158 nam
573 3092 749 3158 secundum
776 3092 921 3157 Marcum
954 3093 1001 3157 sio
1033 3092 1188 3175 seriptum
1221 3097 1285 3159 est:

91 3221 117 3262 as
135 3199 381 3282 quicumque
409 3199 619 3264 dimiserit
645 3217 808 3264 uxorem
832 3218 943 3264 suam
967 3203 1006 3264 et
1028 3199 1200 3264 alteram
1224 3199 1288 3265 du·

226 3409 260 3462 25
278 3405 360 3462 Maro.
383 3407 486 3474 10,11.
509 3408 541 3461 12

171 3533 315 3585 lusorem
334 3545 384 3584 om.
403 3530 441 3584 M
511 3529 627 3584 saliam
651 3528 849 3585 TVEMNRS
932 3529 978 3600 cb]
1000 3530 1035 3586 ad
1052 3531 1080 3584 P
1149 3531 1285 3586 ldiffun-

133 3619 223 3674 dimne
240 3620 269 3672 P
321 3622 448 3674 5tsmen
468 3620 537 3689 esse]
559 3620 673 3673 maxime
692 3619 719 3672 P
782 3619 955 3688 agnoscimus
973 3619 1001 3672 P
1050 3622 1156 3690 desse]
1178 3637 1238 3675 eum
1256 3621 1285 3676 R

132 3710 194 3780 quis
214 3709 242 3762 P
348 3708 363 3761 7
382 3707 571 3762 fornicationis
590 3715 672 3762 oense
690 3708 718 3762 P
843 3707 1167 3764 abiecit-fornicationis
1186 3725 1238 3767 om.
1257 3710 1286 3764 P

132 3797 320 3852 SindioetT
390 3795 503 3851 duxerat
525 3795 551 3848 V
603 3797 720 3866 9sicut]
741 3796 764 3850 si
788 3797 869 3850 Teio
888 3797 1030 3852 VENde
1085 3798 1118 3852 10
1137 3815 1197 3852 eum
1216 3797 1283 3853 dici·

131 3889 203 3958 mus]
225 3885 395 3940 concedimus
413 3885 441 3940 P
477 3887 510 3940 13
529 3887 690 3956 negauimus
714 3886 740 3940 Τ
755 3885 872 3955 dicimus
892 3890 923 3951 (s.
945 3886 962 3940 l.
982 3887 1124 3957 negamus)
1144 3887 1168 3942 S
1203 3889 1236 3943 16
1256 3892 1284 3942 et

132 3977 215 4032 aliem
235 3975 341 4030 duxerit
359 3991 410 4030 om.
429 3975 457 4030 R
529 3974 696 4043 preterMS
750 3976 782 4028 17
802 3975 849 4040 sed
869 3976 894 4028 Τ
911 3979 982 4044 (esp.
1001 3993 1037 4032 m.
1056 3979 1085 4043 2)
1142 3978 1175 4030 19
1190 3977 1286 4046 qnoP

131 4067 166 4122 20
185 4081 344 4135 expraessus
362 4065 390 4117 B
443 4065 475 4118 21
497 4064 635 4118 mattheus
648 4065 771 4118 BEMN
787 4065 911 4120 matheus
924 4064 1003 4119 RSP
1074 4081 1215 4136 expresses
1227 4066 1286 4120 BT

131 4157 165 4210 22
185 4155 276 4226 specie
295 4155 324 4208 E
399 4152 466 4207 facit
484 4151 563 4208 N²od
639 4153 763 4224 nunquid
783 4159 897 4222 (sempor
914 4153 992 4220 11)ss
1079 4155 1113 4208 23
1132 4153 1161 4207 id
1180 4154 1281 4225 ipsum]

131 4244 256 4316 adipeam
275 4243 303 4296 P
391 4243 425 4296 21
445 4246 538 4313 posset
560 4241 652 4296 TNbd
759 4259 822 4296 nam
842 4243 865 4295 si
886 4243 920 4308 (si
938 4259 960 4298 s.
979 4243 997 4296 l.
1018 4241 1096 4310 edd.)
1116 4241 1146 4296 N
1244 4243 1282 4297 sie

131 4350 182 4388 om.
202 4331 290 4387 EMS
