3109 4959
464 444 505 500 de
534 461 650 515 opere
677 447 948 500 monachorum
1217 450 1280 513 561

130 642 234 706 sieut
265 642 451 724 seriptum
485 643 557 705 est:
592 641 655 722 qui
687 642 859 718 multum,
892 659 963 705 non
997 640 1217 719 abundauit,
1247 645 1283 705 et

130 747 194 830 qui
227 747 423 826 modinum,
448 766 517 811 non
543 747 669 811 defuit
690 747 761 812 illi.
795 747 939 830 gratias
963 750 1090 812 autem
1113 747 1194 824 deo,
1219 747 1282 828 qui

129 854 235 918 dedit
271 853 366 918 idem
406 853 575 919 studium
612 872 677 936 pro
715 853 825 919 uobis
856 855 894 918 in
927 853 1038 918 corde
1072 854 1161 933 Titi,
1195 853 1283 935 quia

130 960 432 1042 ponsolationem
453 960 603 1042 quidem
624 961 810 1042 suscepit,
832 959 1044 1026 studiosior
1059 964 1182 1024 autem
1199 977 1281 1024 oum

95 1071 251 1144 aesset,
285 1071 430 1150 sponte
464 1067 566 1131 exiit
598 1067 644 1132 ad
676 1087 762 1133 nos.
798 1067 983 1132 misimus
1021 1070 1155 1132 autem
1193 1086 1280 1132 cum

129 1194 172 1239 oo
207 1175 374 1252 fratrem,
407 1173 518 1238 errius
552 1174 634 1238 laus
668 1175 703 1238 in
737 1174 939 1256 euangelio
973 1176 1031 1238 est
1061 1193 1127 1257 per
1154 1192 1281 1238 omnes

129 1281 329 1358 eeclesias,
354 1300 423 1345 non
444 1280 567 1345 solum
586 1284 721 1358 autern,
742 1281 808 1344 sed
827 1284 864 1343 et
883 1280 1080 1345 ordinatus
1100 1281 1142 1344 ab
1163 1280 1280 1344 eoele-

129 1388 200 1452 siis
234 1407 358 1452 oomes
389 1387 714 1470 peregrinationis
747 1391 900 1450 nostrae
937 1405 1019 1450 oum
1055 1387 1124 1452 bao
1157 1387 1279 1471 gratia

129 1513 224 1577 quae
247 1494 489 1558 ministratur
508 1494 652 1558 anobis
676 1493 719 1556 ad
739 1493 879 1558 domini
900 1493 1060 1575 gloriam
1081 1496 1120 1556 et
1136 1513 1281 1575 promp-

83 1624 107 1660 ιο
126 1605 208 1666 tum
228 1602 390 1665 animum
414 1605 594 1677 nostrum,
619 1600 836 1664 douitantes
860 1600 939 1677 boe,
964 1619 1007 1664 ne
1031 1599 1116 1681 quis
1140 1617 1206 1662 nos
1231 1616 1281 1661 re-

128 1706 339 1790 prehendat
357 1708 393 1770 in
412 1706 480 1770 heo
495 1705 745 1788 plenitudine,
762 1724 856 1786 quae
870 1704 1114 1769 ministratur·
1128 1723 1147 1768 a
1160 1704 1279 1769 nobis.

126 1812 374 1894 prouidemus
408 1813 503 1877 euim
536 1813 632 1878 bona
669 1831 740 1877 non
780 1810 903 1876 solum
936 1830 1060 1875 eoram
1094 1810 1178 1887 deo,
1216 1811 1280 1876 sed

128 1919 245 1982 etiam
279 1937 401 1983 eoram
433 1919 661 1984 hominibus.
694 1919 726 1982 in
750 1918 801 1982 bis
825 1917 932 1982 uerbis
956 1917 1096 2000 adparet,
1126 1921 1279 1999 quantum

129 2043 193 2088 non
218 2025 321 2089 solum
347 2043 454 2088 onnam
477 2027 658 2089 sanctarum
677 2024 820 2108 plebium
845 2043 915 2090 esse
938 2025 1077 2088 noluerit
1100 2024 1279 2088 ministrare

81 2157 107 2195 ιε»
126 2131 308 2194 necessaria
331 2132 449 2195 sanetis
475 2131 524 2195 dei
548 2131 660 2209 seruis,
685 2131 855 2195 eonsilium
878 2130 911 2194 in
935 2131 995 2195 boo
1015 2131 1103 2207 dans,
1128 2130 1279 2212 quiahoc

127 2237 234 2320 magis
257 2238 336 2320 ipsis
361 2238 415 2319 qui
442 2238 502 2303 hoo
526 2239 683 2303 iaciebant
710 2239 857 2320 proderat
885 2257 980 2320 quom
1008 2237 1074 2301 illis
1101 2257 1176 2320 erga
1198 2255 1279 2318 qnos

127 2344 288 2409 faciebant
317 2381 361 2390 -
392 2345 457 2409 illis
491 2345 574 2409 enim
608 2345 695 2409 aliud
727 2345 946 2428 p1·ode1·at,id
978 2346 1029 2409 est
1050 2343 1110 2408 hoo
1140 2362 1216 2426 erga
1244 2363 1279 2408 se

128 2449 282 2531 obsequio
314 2449 446 2514 bairum
480 2469 611 2515 suornm
649 2455 756 2516 sancte
789 2452 838 2515 uti
875 2469 931 2515 neo
963 2453 1091 2533 propter
1121 2449 1183 2514 hoo
1221 2450 1279 2514 deo

126 2556 249 2621 seruire
272 2575 330 2621 neo
352 2557 416 2622 ista
439 2576 564 2622 sumere
587 2557 649 2621 nisi
673 2557 713 2621 ad
732 2556 940 2639 supplendam
959 2556 1194 2634 necessitatem,
1218 2575 1279 2620 non

77 2691 103 2729 ao
126 2662 170 2727 ad
201 2663 391 2744 pascendam
424 2663 583 2747 pigritiam
617 2701 659 2710 -
698 2663 754 2728 sed
788 2664 885 2728 etiarn
913 2682 1003 2727 suam
1035 2681 1142 2727 curam
1165 2662 1279 2728 beatus

126 2770 295 2852 apostolus
329 2774 448 2834 tantam
483 2770 560 2835 dicit
592 2770 623 2833 in
647 2770 707 2834 hac
739 2769 983 2847 ministratione,
1015 2787 1096 2852 quae
1119 2787 1202 2832 nuno
1224 2788 1281 2850 per

125 2875 238 2939 Titum
270 2877 555 2953 transmittebatur,
589 2879 626 2940 ut
649 2877 800 2941 comitem
824 2875 1085 2958 peregrinationis
1109 2894 1186 2938 suae
1210 2893 1279 2957 pro·

124 2985 201 3064 pter
223 2983 283 3048 hoo
306 2987 535 3048 commemoret
559 2983 737 3047 ordinatum
761 2983 800 3046 ab
825 2981 980 3057 ecclesiis,
1006 2981 1081 3045 boni
1104 2980 1279 3044 testimonii

124 3089 291 3154 hominem
325 3092 384 3165 dei,
419 3093 528 3156 ouius
561 3093 655 3166 laus,
688 3091 803 3172 inquit,
835 3090 872 3153 in
907 3088 1105 3171 euangelio
1137 3089 1192 3151 est
1214 3106 1279 3168 per

74 3225 101 3263 aa
123 3215 256 3260 omnes
282 3197 476 3264 eeclesias.
508 3201 540 3262 et
563 3198 602 3260 ad
625 3197 686 3261 hoo
710 3196 788 3260 dioit
810 3195 902 3259 illurn
927 3193 1105 3258 ordinatum
1129 3192 1278 3257 comitem

123 3302 199 3379 sibi,
223 3307 260 3366 ut
283 3303 438 3368 deuitaret
461 3302 626 3368 bominum
650 3302 921 3385 reprehensiones,
946 3319 985 3364 ne
1004 3300 1071 3364 sine
1094 3297 1277 3362 testimonio

122 3411 308 3474 sanctorum
331 3409 362 3473 in
387 3410 448 3474 boo
470 3409 647 3474 ministerio
678 3409 837 3474 sociorum
869 3410 1031 3490 tamquam
1056 3405 1118 3470 sibi
1137 3405 1277 3488 accipere

218 3601 229 3652 l
251 3599 299 3656 Ex.
320 3601 361 3662 16,
383 3601 416 3652 18
471 3600 552 3654 2411
572 3599 632 3655 Cor.
653 3601 678 3664 8,
700 3600 733 3653 18

163 3724 174 3776 l
196 3722 312 3776 multum
331 3723 429 3777 habuit
447 3723 609 3794 PVDMAr
713 3722 885 3776 habundauit
902 3721 1022 3775 LVBM
1110 3724 1126 3775 5
1146 3719 1230 3773 exiuit
1248 3718 1277 3771 D

119 3815 165 3866 ita
184 3812 218 3866 ad
238 3811 274 3866 M
367 3815 427 3882 nos]
447 3814 516 3866 alios
535 3815 562 3868 A
657 3813 719 3866 misi
738 3811 845 3880 PDMp
936 3813 1015 3864 best
1033 3811 1061 3863 in
1081 3807 1223 3877 euangelio
1242 3805 1279 3858 M

119 3900 300 3954 'lordinatus
320 3903 362 3952 est
380 3899 552 3968 PVDMrbd
608 3901 640 3955 10
661 3899 818 3954 debituntee
843 3900 878 3953 V¹
951 3914 1000 3950 noe
1019 3914 1070 3952 orn.
1089 3897 1126 3949 M
1181 3897 1213 3949 13
1232 3895 1275 3947 his

120 4007 176 4045 om.
196 3988 343 4059 PVD¹Mr
434 3989 524 4042 uerbis
545 3992 634 4044 autern
654 3989 691 4042 M
780 3992 882 4057 quanta
900 3988 928 4040 B
1002 3989 1034 4040 16
1053 3986 1121 4039 haee
1139 3983 1277 4038 faciebant

118 4077 259 4145 PVDMr
319 4077 649 4146 'proderat-ludebant
667 4077 770 4134 ouuM
839 4078 870 4131 17
889 4076 1018 4145 proderat
1037 4091 1118 4144 quam
1137 4073 1192 4126 illia
1212 4089 1277 4140 erga

119 4183 191 4236 quos
210 4165 349 4220 sariebant
366 4165 403 4218 M
470 4166 503 4218 18
523 4166 681 4236 obsequium
701 4169 727 4220 A
785 4167 818 4220 19
837 4166 902 4234 ista]
920 4165 962 4217 ita
979 4164 1006 4216 Ι,
1059 4165 1094 4216 23
1114 4178 1275 4215 commemo-

119 4260 196 4310 raret
214 4255 241 4306 A
314 4255 348 4307 24
368 4255 427 4308 laus
447 4257 489 4307 est
507 4253 543 4307 M
614 4259 655 4308 est
674 4271 725 4310 om¹
746 4254 778 4306 M
852 4255 886 4306 27
906 4253 934 4306 in
953 4268 1004 4306 om.
1029 4250 1119 4305 VDM
1194 4249 1275 4300 mini-

119 4343 237 4397 sterium
257 4343 293 4396 M
363 4347 503 4411 tamquam
524 4359 574 4400 om.
594 4343 728 4410 PVDMp

152 4468 245 4508 xxxxr
259 4466 482 4516 suusoowpars
496 4467 538 4506 111.
1204 4442 1238 4494 36
