3109 4959
281 392 349 456 408
638 388 665 442 S.
693 386 833 443 Aureli
861 387 1080 458 Augustini

282 589 316 648 et
338 584 493 660 hortante,
517 586 721 650 conuertente
745 585 778 647 et
799 583 941 666 inplente
963 583 1122 648 humanus
1144 581 1176 646 in
1195 582 1313 648 melius
1330 586 1425 646 mute

283 692 335 756 tur
367 689 510 767 affectus,
544 693 638 772 atque
671 689 717 754 ita
749 694 888 754 uoueant
920 689 988 754 sine
1021 689 1176 773 coniugiis
1209 692 1243 754 et
1268 689 1338 754 aine
1363 687 1426 752 ulio

283 795 455 861 concubitu
483 799 578 880 atque
601 795 753 862 inmunda
775 795 918 861 libidinis
942 797 1163 863 attrectatione
1186 795 1428 880 perseuerantis·

284 903 363 966 sime
387 901 507 978 uiuere,
531 905 569 966 ut
592 901 719 966 etiarnsi
743 904 887 984 separatu
906 901 1055 986 coniugia
1071 901 1179 966 locum
1199 901 1335 967 ducendi
1354 901 1427 966 alias

284 1007 444 1075 moriendo
473 1009 663 1091 aperuerint,
691 1007 859 1074 claudatur
885 1028 921 1075 er
949 1013 1036 1084 uoto,
1064 1007 1151 1092 quod
1171 1012 1263 1092 patet
1284 1028 1324 1072 er
1344 1009 1460 1074 licitos

284 1117 330 1202 οῖ’,
344 1113 429 1197 quod
456 1117 523 1178 erat
551 1133 585 1178 er
614 1115 804 1180 necessitate
828 1119 986 1198 coeptum,
1010 1115 1067 1180 fiat
1089 1115 1221 1180 caritate
1244 1115 1427 1199 perfectum.

283 1221 402 1285 talibus
431 1221 572 1303 profecto
600 1220 635 1287 id
661 1220 865 1301 retribuetur,
895 1221 980 1305 quod
1007 1222 1083 1298 illis,
1112 1222 1167 1304 qui
1193 1221 1248 1286 uel
1270 1221 1339 1303 pari
1362 1240 1427 1286 cou-

283 1346 378 1393 sensu
407 1347 480 1392 oum
508 1327 698 1413 coniugibus
722 1328 782 1394 hoo
806 1332 965 1394 uousrunt
988 1331 1040 1393 uel
1063 1328 1161 1394 nullis
1185 1326 1343 1412 coniugiis
1366 1327 1427 1392 alli·

283 1433 351 1518 gati
373 1438 503 1517 propter
524 1435 629 1500 maius
652 1436 771 1498 bonum
796 1434 1022 1500 continentiam
1046 1434 1242 1519 delegemnt.
1274 1434 1304 1498 si
1326 1438 1424 1498 autern

283 1539 329 1604 ita
357 1559 390 1604 se
419 1541 590 1618 continent,
619 1544 666 1618 ut,
696 1540 722 1606 si
750 1541 927 1606 moriantur
954 1559 1088 1623 quarum
1106 1541 1180 1618 ¹uita
1202 1541 1365 1624 coniugari
1383 1541 1422 1604 in·
1439 1565 1458 1604 n

284 1648 464 1730 pediuntur,
494 1647 573 1712 alias
602 1647 715 1712 ducere
744 1647 896 1732 cogitent,
923 1649 1076 1731 profecto,
1105 1648 1231 1713 etiamsi
1257 1649 1346 1730 priua
1367 1646 1422 1730 ipsi

283 1753 316 1818 in
348 1755 407 1819 tali
439 1754 633 1819 continentie
665 1753 703 1820 de
736 1773 865 1838 corpore
898 1753 1079 1832 abscedant,
1107 1773 1169 1819 non
1197 1755 1242 1818 eis
1269 1754 1423 1836 inputatur

284 1861 347 1926 nisi
384 1860 423 1924 ad
458 1861 645 1944 pudicitiam
678 1862 889 1944 coniugalem,
921 1863 1050 1944 propter
1081 1879 1177 1944 quam
1207 1879 1270 1925 non
1301 1860 1421 1924 faciunt

285 1968 370 2050 quod
401 1967 551 2045 facerent,
585 1968 612 2032 si
643 1967 762 2032 liceret.
806 1967 865 2033 hac
894 1969 1010 2052 quippe
1037 1967 1211 2033 intentione
1239 1967 1423 2031 continenter

285 2074 393 2138 uiuere
425 2093 537 2156 parum
565 2077 615 2138 est
642 2073 681 2138 ad
710 2073 893 2156 accipienda
920 2073 1008 2138 illius
1036 2092 1116 2156 quae
1143 2073 1276 2138 liberius
1305 2072 1455 2155 eligiturs
1535 2108 1536 2183 q

285 2180 496 2246 continentiae
521 2179 669 2263 praemia,
694 2180 750 2245 sed
774 2179 896 2246 sufficit
918 2180 957 2244 ad
981 2180 1121 2244 cauenda
1143 2178 1308 2246 adulteria.

330 2287 399 2352 XX.
423 2287 475 2352 21.
499 2286 587 2350 Haeo
609 2289 718 2352 autem
739 2306 791 2352 me
812 2287 850 2350 de
870 2290 1004 2368 utroque
1025 2305 1100 2351 seru
1119 2285 1301 2351 memineris
1320 2283 1422 2348 dicere.
1537 2330 1539 2399 γ

284 2392 342 2458 sed
361 2393 495 2458 maxime
515 2396 643 2475 propter
661 2393 759 2470 uiros,
780 2393 835 2476 qui
858 2397 1024 2476 propterea
1047 2411 1081 2456 se
1105 2392 1231 2457 feminis
1256 2392 1422 2475 superiores
1538 2440 1540 2509 γ

285 2519 356 2565 esse
390 2499 591 2576 arbitrantur,
624 2519 663 2564 ns
695 2499 851 2583 pudicitia
878 2519 968 2583 pares
998 2518 1067 2564 sese
1096 2500 1281 2583 dignentur:
1313 2498 1423 2580 inqua
1538 2512 1539 2517 ’

286 2607 382 2672 etiarn
416 2607 534 2690 praeire
567 2607 753 2684 debuerunt,
786 2611 823 2671 ut
855 2625 908 2672 eos
941 2606 1015 2671 illue
1047 2609 1211 2688 tamquam
1244 2622 1304 2669 sua
1320 2605 1422 2685 ¹capita
1437 2629 1457 2664 s

287 2716 503 2794 sequerentur.
531 2713 656 2796 quando
682 2717 786 2778 autem
811 2714 861 2778 lex
884 2713 1031 2796 probibet
1054 2711 1219 2788 adulteria,
1247 2712 1275 2776 si
1304 2711 1422 2776 obtentu

286 2819 531 2885 incontinentiae
556 2820 689 2885 carnalis
712 2819 906 2885 infirmitatis
926 2820 1113 2884 admittatur
1130 2817 1304 2892 excusatio,
1323 2815 1422 2880 multia

288 2926 347 2990 sub
372 2927 495 2992 nomine
518 2928 617 2992 salsas
636 2926 824 3008 inpunitatis
842 2925 996 3010 pereundi
1015 2926 1155 3008 aperitur
1174 2925 1310 2990 occasio.
1333 2939 1422 3004 neque

288 3031 371 3096 enim
390 3051 514 3096 carnem
533 3053 594 3098 non
613 3032 731 3098 habent
744 3033 889 3109 sominae,
905 3032 1021 3115 quibus
1036 3031 1098 3095 uiri
1111 3030 1232 3113 aliquid
1247 3030 1310 3094 tale
1324 3028 1424 3094 nolunt

286 3137 392 3224 dicere,
417 3139 506 3220 quasi
532 3139 589 3217 eis,
613 3139 687 3221 quia
709 3139 771 3204 uiri
794 3141 880 3216 sunt,
903 3138 1009 3204 liceat.
1037 3137 1093 3202 sed
1117 3137 1210 3212 absit,
1235 3141 1273 3202 ut
1295 3132 1422 3200 melioris
1436 3158 1456 3198 e

288 3263 380 3309 sexus
405 3249 565 3328 tamquam
591 3245 702 3311 honori
725 3245 888 3324 debeatur,
913 3245 998 3328 quod
1020 3244 1133 3327 pudori
1156 3244 1341 3321 detrahitur,
1359 3259 1422 3306 cun

288 3351 387 3416 honor
412 3353 518 3417 iustus
546 3353 669 3431 uirtuti,
698 3371 758 3417 non
786 3351 867 3417 uitio
897 3352 1058 3416 debeatur.
1097 3351 1172 3434 quin
1199 3351 1298 3416 immo
1322 3363 1422 3414 cuma

289 3457 413 3521 feminis
437 3458 549 3540 utique
572 3458 761 3524 habentibus
786 3478 910 3523 carnem
933 3461 1055 3523 tantam
1077 3457 1224 3540 flagitant
1242 3457 1421 3526 oaeneon,

289 3567 334 3638 nt,
369 3565 492 3645 quando
526 3565 563 3630 ab
591 3565 742 3631 uxoribus
770 3565 949 3631 diutissime
976 3565 1224 3650 peregrinantur,
1253 3564 1353 3630 uelint
1376 3579 1420 3625 eas

325 3753 472 3808 uenustus
490 3753 527 3808 M
597 3755 636 3810 ita
655 3771 705 3808 orn.
729 3754 755 3808 T
824 3758 953 3810 moueant
971 3755 996 3806 V
1066 3757 1126 3810 sine
1144 3756 1277 3826 coniugiis
1296 3757 1324 3808 et
1340 3749 1421 3808 orni*

290 3841 337 3894 illo
356 3841 420 3896 ΕΜ
516 3845 679 3913 breperato
701 3842 806 3898 VESN
903 3846 919 3899 d
939 3861 970 3898 er
989 3851 1055 3898 unte
1073 3845 1237 3898 necessitate
1256 3860 1307 3899 ons.
1330 3838 1420 3895 rabo

292 3927 365 4000 sid]
385 3933 494 3986 omnino
513 3931 541 3986 R
622 3931 666 3987 uel
687 3933 732 4002 qui
750 3931 778 3986 R
841 3933 972 3987 8notum
991 3933 1041 3987 hoc
1064 3931 1214 3987 Veniam
1278 3934 1311 3988 15
1328 3931 1417 4000 eligun-

290 4023 335 4071 tur
357 4019 383 4072 Τ
444 4019 477 4073 18
496 4019 610 4075 semines
633 4021 665 4074 T¹
732 4023 765 4076 19
784 4021 854 4092 sese]
874 4037 934 4076 esse
956 4019 1138 4076 T²Nbdesse
1157 4021 1243 4076 aeds
1300 4019 1417 4076 mnnit-

290 4111 365 4161 tatur
383 4107 449 4161 BT*
469 4109 623 4164 admittitur
646 4109 795 4165 VEMSN¹
863 4112 899 4164 24
918 4111 973 4165 tale
992 4109 1096 4180 aliquid
1114 4109 1143 4166 R
1205 4111 1240 4166 25
1259 4109 1329 4164 absit
1344 4108 1416 4161 hocs

290 4198 395 4251 meliori
414 4215 476 4252 seru
497 4201 529 4251 ut
552 4197 704 4255 VEMN¹S
750 4200 785 4254 26
804 4217 895 4254 sexsus
918 4201 943 4253 Τ
995 4199 1030 4253 28
1048 4199 1166 4269 tantam]
1185 4203 1321 4269 tamquam
1334 4193 1416 4252 ΜΒΝι

292 4285 462 4354 flagitentR
517 4287 552 4340 29
571 4289 612 4357 ut]
632 4293 659 4342 ct
683 4288 812 4342 VEMN¹
