3109 4959
285 449 350 514 656
644 445 669 502 S.
698 445 839 500 Aureli
865 445 1084 515 Augustini

286 641 374 718 mihi,
403 642 453 706 nir
475 641 582 726 grauis
606 645 639 706 et
662 639 778 706 nobilis
803 644 836 706 et
859 639 1068 725 dignissimus
1091 639 1186 705 aredi.
1214 638 1271 704 sed
1294 640 1323 703 si
1345 639 1437 704 illum
1548 622 1549 693 ἦ

285 751 429 814 sanetum
458 747 648 812 monaahum
676 748 745 832 ipse
773 747 938 825 uidissem,
967 747 1052 830 quia,
1075 747 1162 811 sieut
1183 745 1294 824 fertur,
1317 746 1437 829 patieu-
1548 774 1549 799 1

284 855 409 920 tissime
449 853 702 939 interrogabatur
739 858 772 919 et
808 854 1046 936 sapientissime
1082 853 1303 934 respondebat,
1342 871 1438 934 quae·

285 961 398 1026 sissem
432 961 470 1026 ab
504 980 551 1038 eo,
576 961 660 1043 qnod
693 961 733 1025 ad
764 961 862 1025 istam
894 961 1030 1044 pertinet
1062 959 1292 1043 quaestionem,
1330 963 1438 1022 utrum

284 1069 353 1152 ipse
387 1068 426 1133 ad
456 1068 546 1133 illam
579 1067 726 1132 feminam
762 1068 906 1133 uenisset
937 1069 969 1132 in
1004 1068 1134 1142 somnis,
1166 1066 1198 1130 id
1227 1073 1278 1130 est
1305 1065 1438 1147 spiritus
1466 1089 1477 1128 a

285 1175 355 1240 eius
383 1175 415 1238 in
445 1173 549 1259 effigie
579 1174 719 1258 eorporis
749 1173 810 1253 sui,
836 1173 921 1240 sieut
942 1193 1000 1238 nos
1027 1174 1115 1257 ipsos
1143 1173 1174 1236 in
1204 1171 1311 1256 effigie
1339 1170 1438 1236 nostri

286 1281 425 1364 eorporis
453 1281 660 1354 somniamus,
689 1299 725 1344 an
755 1280 826 1362 ipso
855 1279 943 1344 aliud
970 1282 1082 1363 agente
1106 1277 1170 1355 uel,
1198 1279 1226 1342 si
1249 1277 1437 1356 dormiebat,

285 1386 373 1452 aliud
401 1387 577 1453 somniante
608 1387 676 1451 siue
696 1405 753 1468 per
775 1386 926 1470 angelum
945 1386 1015 1451 siue
1035 1403 1236 1468 quocumque
1259 1385 1323 1450 alio
1343 1384 1436 1449 modo

286 1493 319 1558 in
351 1493 495 1559 mulieris
529 1493 652 1559 somnio
680 1493 754 1558 talis
784 1495 868 1558 faeta
895 1493 939 1557 sit
964 1492 1059 1572 nisio,
1093 1495 1189 1576 atque
1220 1491 1254 1556 id
1281 1491 1436 1566 iutnmm,

285 1603 324 1664 ut
349 1599 419 1683 ipse
445 1600 654 1682 promitteret,
683 1600 870 1684 prophetiae
896 1598 1012 1681 spiritu
1034 1600 1194 1665 reuelante
1217 1596 1475 1682 praesumente
1548 1656 1549 1671 ,

286 1707 315 1771 si
347 1707 428 1771 enim
461 1707 530 1788 ipse
562 1705 708 1771 interfuit
741 1706 922 1783 somnianti,
954 1705 1092 1771 mirabili
1125 1707 1227 1790 gratia
1258 1706 1373 1788 utique
1404 1703 1436 1768 id
1548 1710 1549 1737 ³

285 1813 401 1895 potuit,
429 1831 489 1876 nou
517 1815 639 1891 natura,
670 1817 702 1876 et
730 1811 782 1878 dei
808 1831 1034 1887 muneranda
1063 1811 1189 1896 propria
1211 1811 1382 1886 facultate3
1410 1809 1435 1874 si
1548 1826 1549 1849 ³

286 1923 392 1984 autem
420 1919 490 2001 ipso
519 1917 606 1983 aliud
634 1920 758 2003 egente,
788 1917 858 1982 siue
887 1917 1062 1983 dormiente
1090 1920 1122 1980 et
1144 1917 1225 1982 uisis
1248 1917 1322 1981 eliis
1346 1935 1435 1981 oeeu·
1548 1930 1549 1933 ’

285 2027 371 2108 pato,
396 2043 468 2089 oum
487 2025 603 2089 mulier
621 2024 703 2089 uidit
720 2025 753 2088 in
774 2024 905 2100 somnis,
928 2025 1070 2107 profecto
1089 2024 1154 2089 tale
1174 2023 1298 2106 aliquid
1314 2023 1435 2087 factum
1548 2102 1549 2109 ἵ

286 2135 346 2206 est,
380 2131 473 2214 quale
504 2130 585 2195 illud
619 2133 678 2208 est,
712 2129 798 2212 quod
824 2131 857 2195 in
886 2130 1103 2213 apostolorum
1125 2130 1261 2195 dotibus
1286 2131 1434 2214 legimus,
1451 2155 1473 2194 n

287 2237 343 2301 ubi
372 2237 517 2302 dominus
546 2237 637 2302 lesus
663 2237 808 2319 loquitur
835 2236 974 2301 Ananiae
1004 2236 1043 2300 de
1067 2235 1163 2302 Saule
1193 2240 1226 2302 et
1252 2237 1376 2302 iudicat
1397 2237 1433 2310 ei,
1548 2262 1549 2265 ¹

286 2343 370 2427 quod
395 2341 510 2408 Saulus
539 2343 621 2407 uidit
652 2343 692 2407 ad
720 2361 753 2407 se
780 2343 956 2408 uenientem
981 2343 1146 2420 Ananiam,
1175 2362 1249 2408 cum
1273 2343 1335 2408 hoe
1358 2348 1435 2410 Ana-

286 2451 354 2515 nias
390 2449 459 2533 ipse
492 2450 638 2515 nesciret.
682 2449 850 2533 quodlibet
881 2450 994 2515 horum
1025 2448 1106 2514 mihi
1141 2449 1350 2532 responderet
1384 2452 1434 2515 ille

285 2556 380 2622 homo
406 2556 466 2634 dei,
487 2559 520 2621 et
542 2555 580 2621 de
604 2557 798 2640 martyribus
822 2557 861 2622 ab
883 2556 940 2621 illo
962 2575 1125 2640 pergerem
1149 2575 1310 2638 quaerere,
1330 2561 1433 2622 utrum

285 2663 348 2746 ipsi
380 2663 486 2728 adsint
516 2663 548 2727 in
578 2663 697 2728 somnis
726 2663 779 2728 uel
807 2681 1007 2745 quocumque
1035 2661 1097 2727 alio
1125 2663 1221 2728 modo
1251 2663 1477 2729 uidentibnse

287 2789 342 2835 eos
374 2769 405 2834 in
440 2789 502 2852 qua
533 2769 636 2854 figura
668 2769 839 2847 noluerint,
873 2773 905 2834 et
935 2770 1070 2834 manime
1104 2769 1228 2851 quando
1261 2770 1301 2835 ab
1330 2772 1378 2837 eis
1405 2789 1437 2836 se

378 2979 410 3032 15
430 2978 464 3032 ol.
483 2977 544 3032 Aee.
564 2979 589 3037 9,
610 2978 643 3032 10
662 2995 721 3048 sqq.

324 3100 534 3170 lgrauissimus
552 3099 611 3152 YK
664 3099 840 3170 dignissimus
859 3117 892 3155 a
910 3100 1085 3169 grauissimus
1099 3099 1131 3154 F
1181 3101 1285 3156 credidi
1303 3101 1441 3156 TB'K’F
1547 3152 1548 3175 ,

288 3189 382 3260 2ipse
401 3205 422 3245 e.
443 3190 460 3242 l.
484 3189 576 3243 Tom.
595 3188 626 3242 K
704 3190 795 3243 tiata
817 3188 846 3245 Y
921 3189 1116 3259 tilleipseq
1207 3189 1437 3262 illnmlipsamp
1547 3184 1548 3261 1

287 3278 434 3333 faeminam
452 3274 484 3330 N
572 3277 717 3347 deiflgiae
735 3279 763 3332 B
862 3279 1061 3349 sui-eorporis
1079 3295 1130 3334 om.
1150 3279 1184 3332 K
1280 3297 1332 3334 nos
1351 3280 1438 3347 σηιβ
1547 3292 1548 3357 j

287 3368 340 3436 ipsi
359 3368 389 3421 E
459 3366 576 3437 corporis
595 3368 681 3420 nostri
700 3366 813 3436 AVflbd
866 3369 947 3437 ian]
968 3373 1032 3422 ante
1050 3367 1079 3421 Y
1129 3370 1223 3422 8siue
1241 3385 1293 3439 per
1309 3371 1438 3440 angelum

287 3473 339 3509 om.
359 3455 391 3510 K
462 3457 519 3509 siue
539 3473 555 3508 a
574 3471 743 3525 quocumque
762 3455 848 3510 BTF
917 3456 970 3510 alio
990 3472 1159 3526 quocumque
1176 3457 1207 3511 E
1266 3458 1438 3513 9son1ninm
1547 3452 1548 3477 ¹

288 3542 437 3597 BMAEF
515 3547 597 3612 atque
617 3545 640 3597 si
658 3545 688 3598 E
760 3546 793 3599 10
812 3549 844 3598 nt
861 3562 912 3599 om.
931 3547 961 3599 E
1039 3546 1194 3615 promiserit
1210 3545 1242 3600 E
1321 3546 1439 3618 prophe-

286 3635 396 3703 tiaeque
415 3633 445 3686 Ε
532 3633 719 3702 praesciuerit]
741 3635 900 3702 cognouerit
917 3635 947 3688 Ε
1018 3636 1049 3688 11
1074 3635 1098 3687 si
1117 3635 1188 3689 enim
1205 3635 1264 3704 ipse
1283 3637 1440 3690 somniante

286 3720 455 3789 interfluit?
538 3722 684 3776 somnianti
702 3722 829 3776 interfuit
853 3721 879 3775 V
956 3723 984 3777 id
1003 3724 1099 3792 utique
1117 3723 1208 3792 gratia
1225 3723 1257 3776 N
1343 3725 1440 3794 utique

287 3826 338 3864 om.
361 3810 398 3863 Tl
454 3811 487 3864 13
506 3809 583 3880 uisis]
604 3811 646 3874 qis
665 3814 696 3875 (a.
716 3811 758 3875 qis
780 3810 846 3865 add.
865 3809 951 3879 iu)K
1022 3815 1155 3880 oeeupatt
1169 3811 1214 3865 ΙΖ
1268 3813 1305 3866 14
1322 3812 1438 3883 aliquidj

289 3897 418 3968 quiequid
442 3897 468 3950 V
530 3901 562 3954 15
583 3899 688 3952 actibus
707 3899 891 3970 apostolorum
911 3898 1196 3966 BTMAEFVRtou
1251 3902 1441 3955 resonantur

288 3987 343 4040 AB
431 3984 565 4040 indioanit
583 3987 644 4041 ΚΕ
732 3989 757 4041 ei
776 4003 827 4041 om.
847 3987 910 4041 MA
983 3989 1015 4041 17
1035 3992 1063 4042 et
1081 3986 1177 4054 eumfl
1267 3989 1321 4042 hoc
1340 4007 1394 4046 ona.
1414 3989 1444 4044 E

287 4075 388 4129 anania
409 4073 438 4127 Y
491 4076 523 4128 18
542 4075 610 4128 mihi
629 4077 687 4144 ipse
705 4075 770 4129 ΚΥ
838 4076 1010 4145 responderit
1027 4075 1066 4130 F¹
1084 4079 1207 4146 resporet
1223 4075 1267 4130 K¹
1325 4080 1361 4132 19
1379 4095 1440 4148 per·

287 4179 379 4232 genem
399 4162 431 4216 ab
451 4162 548 4215 illoV
637 4164 670 4217 ab
690 4165 738 4218 illo
757 4180 809 4218 om.
833 4164 859 4217 Τ
945 4181 1084 4234 pergerem
1105 4167 1245 4235 quaerere]
1269 4176 1396 4236 peterem
1415 4167 1443 4220 B
1546 4168 1547 4237 l

288 4255 408 4321 peterem
429 4267 509 4320 quare
529 4251 559 4306 F
646 4253 681 4306 20
709 4254 769 4322 ipsa
787 4253 814 4306 A
905 4253 992 4306 assint
1010 4253 1043 4306 K
1063 4253 1203 4306 absint]¹
1294 4256 1342 4309 uel
1365 4257 1394 4310 in
1419 4253 1443 4305 l'
1546 4272 1547 4281 ¹

288 4356 341 4409 quo
361 4325 441 4392 modo
460 4356 573 4408 eumque
593 4340 672 4394 aliter
691 4341 720 4394 E
773 4342 806 4394 21
828 4358 859 4395 eo
883 4341 917 4394 T¹
989 4341 1107 4395 uoluerit
1127 4341 1163 4395 m
