3109 4959
530 473 698 528 debono
728 473 951 528 uiduitatis
1243 480 1308 542 327

156 670 287 754 scriptia
322 670 388 735 suis
422 668 618 752 quorundam
646 669 844 736 indoctorum
874 671 997 736 animos
1027 691 1044 735 a
1071 671 1146 735 fidei
1174 671 1309 736 sanitate

156 777 303 843 detonuit.

203 883 289 948 XVI.
314 885 366 948 20.
390 882 526 948 Proinde
555 883 703 964 quoniam
730 883 763 947 in
791 883 917 948 exordio
944 883 1040 948 huius
1070 885 1216 966 opusculi
1245 885 1307 949 dno

157 989 311 1072 quaedam
331 989 510 1054 necessaria
527 1007 751 1072 proposueram
772 994 804 1054 et
823 989 1021 1073 exsequenda
1033 989 1198 1072 pollicitus
1212 1008 1308 1064 eram,

118 1116 268 1172 cunum,
297 1096 382 1178 quod
415 1095 455 1160 ad
487 1096 671 1173 doctrinam,
701 1098 846 1172 alterum,
874 1096 959 1179 quod
991 1097 1031 1160 ad
1059 1096 1308 1161 exhortationem

154 1201 304 1284 pertinet,
333 1204 365 1266 et
391 1201 487 1284 priori
515 1202 607 1284 parti,
635 1206 672 1266 ut
700 1203 800 1285 potui,
828 1221 884 1285 pro
913 1207 1062 1286 suscepto
1090 1203 1218 1287 negotio
1246 1221 1307 1266 non

156 1307 255 1382 defui,
281 1308 320 1372 ad
348 1307 594 1372 exhortationem
623 1309 800 1385 ueniamue,
824 1313 861 1374 ut
890 1309 973 1392 quod
996 1310 1114 1373 bonurn
1137 1307 1308 1390 prudenter

155 1414 258 1480 scitur
282 1415 378 1479 etiarn
397 1414 550 1498 diligatur
568 1415 722 1480 ardenter.
748 1435 810 1498 qua
833 1415 864 1479 in
884 1435 917 1479 re
935 1416 1024 1497 prius
1042 1414 1123 1480 illud
1142 1415 1305 1492 admoneo,

155 1527 194 1585 ut
221 1523 513 1604 quantumcumque
544 1521 603 1585 tibi
636 1522 739 1586 inesse
777 1521 876 1586 sentis
908 1521 979 1603 piae
1016 1521 1225 1586 continentiae
1262 1519 1308 1584 di-

102 1629 325 1695 relectionem
362 1628 513 1694 beneficio
547 1628 597 1693 dei
629 1629 750 1694 tribuas
786 1629 877 1712 eique
909 1630 1027 1713 gratias
1060 1648 1146 1713 agas,
1180 1628 1235 1710 qui
1268 1628 1306 1693 de

155 1735 271 1817 spiritu
305 1755 362 1801 suo
395 1735 454 1800 tibi
486 1739 611 1800 tantum
643 1736 781 1820 largitus
814 1738 873 1813 est,
901 1740 939 1801 ut
970 1738 1039 1800 eius
1066 1737 1098 1799 in
1128 1734 1221 1799 corde
1248 1737 1305 1798 tuo

155 1841 332 1906 caritate
353 1841 509 1906 diffusa
527 1842 633 1907 licitae
653 1843 697 1907 rei
716 1843 878 1907 licentiam
897 1843 956 1908 tibi
976 1862 1063 1907 amor
1077 1842 1150 1907 boni
1164 1841 1305 1906 melioris

154 1947 303 2012 auferret.
329 1947 460 2012 donauit
483 1947 577 2024 enim,
602 1967 639 2011 ne
662 1947 776 2012 liberet
798 1949 925 2027 nubere,
950 1968 1022 2013 cum
1045 1948 1155 2012 liceret
1177 1945 1244 2034 [et],
1269 1950 1306 2011 ut

152 2055 219 2118 iarn
244 2074 304 2119 non
327 2055 448 2132 liceret,
468 2055 594 2119 etiamsi
617 2054 739 2130 liberet,
761 2060 794 2120 et
816 2075 853 2120 er
876 2055 936 2120 hoc
960 2055 1082 2118 firmius
1102 2073 1163 2118 non
1180 2053 1304 2131 liberet,

102 2186 131 2226 re
152 2180 193 2224 ne
222 2161 311 2226 fieret
338 2161 422 2244 quud
450 2180 509 2225 non
539 2161 658 2236 liceret,
683 2162 769 2244 quod
796 2161 916 2226 factum
946 2181 1005 2226 non
1035 2165 1085 2225 eet
1112 2161 1208 2225 etiam
1231 2179 1304 2225 curn

151 2269 275 2343 liceret,
299 2272 486 2350 tantumque
516 2268 678 2332 merereris
707 2268 807 2332 uidua
834 2268 964 2346 Christi,
988 2272 1025 2333 ut
1051 2268 1148 2332 filiam
1178 2286 1303 2349 quoque

151 2375 280 2440 uideres
304 2374 460 2459 uirginem
481 2373 613 2449 Christi:
639 2375 715 2439 dum
740 2376 823 2440 enirn
846 2379 882 2440 tu
907 2395 977 2440 oras
998 2375 1082 2440 sicut
1099 2376 1199 2450 Anna,
1219 2373 1304 2437 iacta

153 2484 206 2546 est
218 2481 275 2545 illa
290 2482 374 2564 quod
388 2481 499 2546 Maria.
514 2481 591 2546 haec
607 2481 687 2547 dona
702 2482 752 2546 dei
768 2501 838 2546 esse
855 2485 971 2565 quanto
986 2483 1089 2566 magis
1105 2480 1199 2557 noeti,
1214 2483 1302 2545 tanto

151 2588 257 2673 magia
281 2609 314 2654 es
339 2587 481 2654 eiusdem
505 2589 594 2654 donia
618 2589 723 2664 beata;
748 2589 846 2653 immo
870 2591 962 2654 aliter
983 2609 1045 2653 non
1069 2607 1113 2668 es,
1133 2588 1195 2652 nisi
1218 2587 1302 2669 quod

99 2722 130 2761 io
151 2695 254 2760 habes
277 2694 362 2759 noris
386 2713 405 2758 a
426 2713 488 2778 quo
511 2695 639 2759 habeas.
663 2696 790 2760 attende
814 2696 909 2772 enim,
930 2695 1004 2778 qnid
1030 2695 1068 2759 de
1092 2695 1151 2759 hac
1174 2713 1206 2758 re
1230 2711 1302 2776 apo·

244 2920 278 2974 12
297 2919 330 2974 cf.
350 2919 426 2974 Rom.
446 2919 471 2985 5,
491 2923 507 2975 5

189 3041 433 3114 Ιᾳιιοιιιιιιᾱιιιιιγ
488 3042 643 3098 2dcoorrit
661 3043 713 3110 B¹;
730 3045 762 3097 iu
780 3061 831 3112 my.
851 3043 906 3097 feri
956 3043 1100 3098 3exordio
1119 3043 1160 3114 (or
1179 3044 1245 3100 odd.
1264 3061 1298 3098 m.

150 3133 202 3199 al.)
223 3133 251 3186 P
338 3134 402 3186 let
420 3149 471 3186 om.
491 3131 529 3184 B¹
620 3127 775 3201 exequenda
794 3132 824 3186 D
842 3131 1011 3201 exsequendo
1032 3137 1056 3198 (r
1073 3149 1095 3186 e.
1116 3133 1146 3198 1.)
1165 3133 1198 3196 P,
1208 3133 1303 3186 ΜΕΧ

149 3220 322 3290 exaequando
341 3221 373 3275 Η
391 3221 573 3291 exsequendia
592 3225 623 3287 (a.
639 3237 655 3274 a
670 3222 734 3275 add.
751 3225 776 3289 e)
792 3221 820 3273 B
856 3221 922 3275 tad
937 3223 986 3275 ait.
1001 3239 1023 3277 e.
1040 3222 1056 3275 t.
1072 3221 1102 3275 D
1157 3222 1301 3276 exortatio-

146 3325 211 3362 nem
230 3308 306 3362 1213
355 3310 486 3379 dpriori]
506 3311 602 3363 maiori
620 3310 743 3364 MENX
800 3310 924 3372 ldeiuit
941 3311 969 3363 B
987 3309 1074 3364 defuit
1093 3311 1125 3362 X
1195 3313 1298 3363 exorta-

147 3399 253 3452 tionem
272 3397 347 3451 ΙΖΕ
397 3399 516 3452 datiam
536 3399 560 3460 ei
578 3399 606 3452 B
678 3402 844 3468 quapropter
861 3401 892 3452 X
963 3400 992 3452 in
1010 3417 1039 3453 re
1058 3415 1110 3452 om.
1129 3401 1160 3452 Χ
1230 3397 1300 3450 illud

147 3487 224 3556 prius
243 3486 302 3540 EX
373 3488 460 3557 priua]
480 3487 551 3556 plius
569 3487 608 3540 Α1
627 3489 741 3557 amplius
760 3487 830 3542 ΒΑΞ
901 3505 996 3542 moneo
1009 3487 1301 3560 &HADMENqu

147 3577 165 3628 9
186 3578 402 3645 quantacumque
421 3575 463 3646 Ργ
482 3580 726 3645 quantamcumque
745 3576 939 3630 HAMNde
1045 3577 1141 3645 centia]
1160 3580 1191 3629 ut
1209 3577 1251 3630 hie
1269 3576 1299 3629 D

149 3665 183 3719 10
204 3664 335 3733 eoqueO
399 3665 430 3718 11
451 3665 512 3733 suo]
533 3654 577 3718 ro
596 3667 623 3718 A
696 3667 848 3719 tantamA
914 3667 946 3719 12
966 3666 1049 3719 ecrite
1068 3666 1107 3718 Αι
1178 3665 1298 3718 melioria

144 3753 212 3807 boni
232 3753 270 3805 cd
342 3753 375 3806 13
395 3753 466 3807 enim
484 3753 588 3807 inrue.
608 3771 641 3808 m.
663 3753 725 3807 21)
797 3754 931 3819 nuberere
950 3754 978 3807 P
1052 3757 1080 3807 et
1099 3771 1150 3807 om.
1168 3752 1299 3822 PsHAD

144 3841 308 3896 Menneu
362 3842 639 3896 ut-liberetom.I
689 3848 720 3895 ut
741 3844 813 3897 etX
849 3844 883 3896 14
900 3843 999 3896 liberet
1010 3843 1072 3912 fia]
1092 3842 1188 3895 liceret
1204 3841 1299 3895 OIZB

146 3933 179 3984 15
201 3930 473 3984 ne-lioeretom.1
519 3931 551 3984 16
570 3931 668 3985 liberet
689 3931 783 3985 OBIZ
844 3936 1004 4002 tentumque
1022 3933 1068 3987 ΙΖ
1130 3932 1235 3986 meritis
1254 3933 1297 3986 uir

143 4008 237 4090 xqoiuni
262 4017 323 4072 dum
347 4035 417 4088 aeqq.
442 4021 503 4084 (cic)
522 4019 552 4073 I)
574 4021 722 4073 meritis„-
746 4021 788 4073 uir
810 4009 901 4090 spioni
926 4022 990 4075 dnm
1008 4023 1035 4074 A
1058 4022 1168 4075 mereris
1187 4021 1297 4086 rpereriq

146 4095 267 4179 uirarpi
281 4115 312 4161 ut
325 4107 417 4160 fidelia
432 4124 537 4177 qnoque
551 4108 700 4162 Pmereris
715 4109 774 4162 uira
787 4099 833 4181 xpi
852 4114 883 4163 ut
901 4110 993 4164 fidelia
1012 4126 1148 4179 quoqueq
1202 4107 1296 4179 uidua]

144 4198 242 4266 uirago
267 4201 313 4266 (go
337 4213 358 4250 a.
379 4196 408 4266 l.)
427 4196 465 4262 H,
478 4197 601 4251 MENX
707 4197 826 4252 fideliam
845 4198 877 4252 Η
985 4215 1090 4268 quoque
1113 4203 1190 4251 tuam
1209 4197 1297 4251 ΕΝΧ

145 4287 180 4340 19
200 4284 302 4338 eisdem
322 4283 435 4339 IZN'bd
489 4287 523 4340 20
542 4287 751 4340 noris-habeas
771 4304 822 4342 om.
847 4288 939 4343 (ἹΖΒ
998 4287 1118 4340 habebas
1137 4289 1164 4340 A
1225 4286 1296 4340 enirn

143 4373 211 4462 quid
231 4373 265 4439 de
285 4374 356 4438 euim
377 4373 442 4442 quid
460 4375 489 4428 P
559 4375 630 4430 enim
649 4391 700 4430 om.
720 4377 752 4431 N
