3109 4959
319 453 383 515 292
666 448 692 503 S.
722 449 860 503 Aureli
887 448 1107 517 Augustini

316 645 479 710 dominnm
510 647 575 710 tres
603 644 738 709 arbitror
765 643 908 708 uoluisse
935 642 1188 708 fructificationis
1216 661 1454 710 commemorare

316 752 518 829 differentias,
551 755 671 816 oeteras
703 750 965 833 intellegentibus
997 749 1177 832 reliquisse.
1209 769 1283 814 nam
1315 754 1348 815 et
1380 751 1454 816 alins

316 858 512 943 euangelista
544 857 648 924 solum
682 856 946 923 commemorauit
977 857 1171 940 centuplum.
1203 856 1360 939 numquid
1390 857 1455 921 ideo

315 965 475 1048 putandus
509 967 558 1028 est
590 964 652 1028 alia
681 963 743 1029 duo
771 964 824 1029 uel
851 963 1037 1047 inprobasse
1064 964 1118 1027 uel
1144 963 1307 1048 ignorasse
1336 984 1373 1030 eo
1400 983 1455 1029 non

314 1072 421 1155 potius
443 1070 656 1155 intellegenda
678 1071 869 1154 reliquisse?
1477 1091 1488 1130 s

360 1179 412 1244 47.
438 1176 510 1255 Sed,
534 1181 571 1242 ut
594 1177 697 1242 dicere
721 1197 895 1260 coeperam,
920 1177 991 1249 sine
1013 1181 1164 1242 centenus
1187 1177 1311 1242 fruetus
1336 1179 1381 1243 eit
1402 1178 1455 1242 oleo

314 1285 429 1350 deuota
456 1283 624 1368 uirginitas
653 1285 721 1350 siue
750 1285 813 1349 alio
841 1284 948 1367 aliquo
982 1285 1087 1361 modo,
1115 1285 1169 1348 uel
1197 1304 1292 1366 quem
1321 1303 1455 1350 oomme·

315 1392 511 1457 morauimus
530 1391 583 1456 uel
602 1410 697 1474 quem
717 1411 778 1456 non
798 1392 1128 1472 commemorabimus,
1148 1392 1192 1456 sit
1208 1391 1265 1455 illa
1282 1390 1454 1456 fertilitatis

313 1497 524 1583 intellegenda
542 1497 702 1576 distantia,
722 1517 813 1563 nemo
833 1503 950 1577 tamen,
965 1502 1119 1580 quantum
1138 1501 1228 1580 puto,
1247 1517 1346 1564 ausus
1365 1498 1455 1562 inerit

313 1605 529 1690 uirginitatem
548 1605 703 1688 praeferre
723 1605 871 1690 martyrio
892 1624 929 1670 ao
948 1623 1040 1669 nemo
1055 1605 1251 1670 dubitauerit
1264 1605 1326 1669 hoo
1341 1604 1452 1669 donum
1468 1629 1488 1665 o

312 1715 473 1778 oooultom
497 1732 578 1792 esse,
604 1713 631 1777 si
655 1713 858 1778 examinatrix
881 1713 965 1778 desit
986 1712 1164 1796 temptatio.

356 1820 483 1886 XLVII.
513 1820 619 1885 Habet
648 1820 756 1901 itaque
785 1819 887 1904 uirgo,
915 1819 1000 1902 quod
1029 1819 1160 1904 cogitet,
1188 1818 1273 1902 quod
1301 1819 1332 1884 ei
1358 1820 1452 1900 prosit

312 1928 350 1992 ad
374 1927 560 1992 seruandam
584 1926 810 2008 bumilitatem,
833 1945 872 1991 ne
895 1927 996 1992 uiolet
1016 1926 1117 2006 illam,
1142 1945 1222 2009 quae
1244 1927 1452 2008 supereminet

311 2033 400 2098 donis
434 2033 591 2112 omnibus,
620 2033 795 2111 caritatem,
824 2033 892 2098 sine
925 2053 987 2116 qua
1018 2034 1129 2117 ntique
1154 2052 1372 2115 quaecumque
1394 2033 1450 2098 alia

310 2142 362 2205 uel
385 2159 486 2223 pauoa
507 2141 561 2204 uel
584 2141 675 2223 plura
699 2140 752 2205 uel
775 2158 891 2224 magna
913 2140 967 2205 uel
989 2159 1088 2223 parua
1108 2139 1265 2218 habuerit,
1288 2140 1370 2204 nibil
1392 2143 1449 2204 est:
1464 2159 1488 2200 rs

308 2245 415 2322 babet,
438 2246 577 2327 inquam,
602 2246 686 2328 quod
714 2247 844 2330 cogitet,
869 2250 906 2312 ut
932 2266 993 2312 noo
1021 2246 1158 2323 infletur,
1181 2266 1242 2312 non
1267 2249 1450 2320 aemuletur,

308 2353 354 2418 ita
381 2373 415 2418 se
439 2353 563 2420 seilicet
584 2354 703 2418 bonum
726 2355 882 2438 uirginale
904 2353 1065 2439 coniugali
1086 2354 1168 2420 bono
1192 2354 1294 2418 multo
1318 2353 1450 2438 amplius

308 2465 342 2525 et
364 2461 480 2526 melius
504 2462 653 2544 profiteri,
678 2465 715 2527 ut
737 2465 843 2526 tamen
868 2463 999 2540 nesciat,
1018 2464 1127 2526 utrum
1149 2461 1206 2526 ilie
1227 2461 1282 2526 uel
1304 2461 1361 2526 illa
1384 2479 1450 2526 con·

307 2569 417 2652 iugata
453 2568 516 2632 iam
554 2569 621 2651 pati
657 2588 712 2652 pro
747 2569 872 2635 Christo
904 2569 1017 2651 possit,
1051 2570 1152 2634 adhue
1184 2587 1259 2634 nero
1290 2568 1365 2650 ipsa
1394 2587 1450 2632 non

306 2675 420 2759 possit,
445 2679 477 2738 at
498 2675 529 2738 in
553 2675 613 2740 boo
638 2675 667 2740 ei
690 2680 846 2758 pareatur,
867 2677 941 2758 quia
962 2676 1129 2742 infirmitas
1153 2676 1222 2740 eius
1244 2675 1449 2759 temptatione
1462 2691 1486 2732 u

307 2800 366 2847 non
391 2783 611 2865 interrogatur.
636 2782 767 2848 fidelis
793 2784 876 2848 enim
901 2783 1003 2861 deus,
1028 2783 1073 2847 ait
1095 2783 1271 2867 apostolus,
1295 2782 1359 2866 qui
1382 2801 1449 2846 non

306 2906 374 2952 uos
408 2889 607 2971 permittat
639 2889 816 2973 temptari
850 2909 963 2972 super
990 2889 1028 2953 id
1056 2889 1155 2974 quod
1180 2890 1358 2973 potestis,
1387 2887 1451 2952 sed

394 3185 410 3240 3
430 3183 463 3238 ci.
482 3183 546 3239 Lne.
565 3183 591 3250 8,
610 3183 626 3238 8
683 3187 715 3240 16
735 3185 768 3239 oi.
788 3184 802 3239 Ι
821 3184 880 3240 Cor.
902 3187 981 3249 13,4
1034 3185 1067 3239 21
1087 3185 1101 3239 Ι
1121 3184 1182 3240 Cor.
1203 3186 1244 3244 10.
1265 3185 1298 3240 13

342 3377 548 3432 ltresom.1i
621 3376 722 3431 arbitro
741 3378 769 3432 B
841 3377 1064 3432 fructificationes
1085 3377 1179 3432 OIZB
1250 3377 1361 3434 3eolns
1379 3381 1412 3445 (a.
1431 3379 1449 3432 1.

304 3463 370 3518 odd.
389 3481 422 3518 m.
443 3466 492 3532 ol.)
512 3463 545 3528 P,
565 3464 638 3534 Hm
711 3466 964 3520 commemoratione
983 3468 1014 3520 X
1031 3468 1271 3522 eoommemoreuit
1286 3469 1315 3521 A
1387 3483 1449 3522 een·

302 3553 646 3626 ttplnm(p1nma'nfine)
667 3555 694 3608 P
772 3556 863 3609 talio
881 3555 975 3610 Siste
993 3555 1094 3611 alinG
1166 3557 1291 3626 ignorare
1310 3555 1349 3610 Ρι
1419 3573 1450 3610 ac

302 3643 368 3712 uon]
389 3660 423 3696 an
442 3643 474 3696 X
543 3644 751 3712 booeperarrrus
770 3643 891 3698 KENX
957 3646 1084 3715 iqnern]
1105 3662 1164 3700 oum
1184 3645 1216 3700 K
1287 3661 1449 3701 commemo·

301 3731 415 3784 rationis
430 3731 456 3782 B
475 3733 681 3786 memorabimus
695 3731 728 3786 K
780 3733 1341 3788 enei-commemoraurmusom.K1P¹
1393 3733 1448 3788 ier-

302 3817 389 3871 tilitas
407 3817 445 3871 G¹
498 3819 865 3890 eunomianorum
919 3825 1031 3890 qustum
1049 3821 1075 3875 T
1125 3821 1256 3877 tueratR
1307 3823 1338 3877 11
1359 3821 1448 3876 occui-

301 3911 389 3959 tatum
411 3905 493 3959 Gor
557 3909 589 3960 12
607 3908 701 3978 itaque
720 3925 770 3963 om.
790 3909 824 3961 Η
894 3910 998 3980 cogitet
1017 3913 1046 3963 et
1063 3909 1219 3964 KMENX
1285 3911 1318 3964 13
1337 3926 1448 3963 seruan-

303 3994 366 4047 dum
386 3995 412 4048 B
485 3995 530 4065 qui
550 3995 586 4049 P¹
643 3997 896 4054 redanimari
949 4001 981 4052 15
1001 3999 1046 4052 uel
1063 4016 1165 4069 magna
1181 3999 1227 4053 uel
1244 4015 1331 4070 parua
1350 3999 1451 4054 on?

304 4084 336 4137 16
357 4083 440 4138 babet
458 4086 487 4137 et
505 4085 532 4136 B
604 4102 673 4154 qnae
691 4085 728 4139 P¹
747 4103 798 4141 om.
818 4086 846 4140 B
918 4087 957 4158 ut]
978 4075 1067 4142 aut'S
1142 4088 1252 4143 infletur
1270 4087 1448 4158 etPKrKA

300 4171 478 4226 RGTMEN
533 4173 564 4226 17
584 4191 612 4226 ee
632 4191 716 4228 exne
735 4175 831 4229 Pom.
850 4177 881 4230 Ε
950 4177 1111 4246 uirginalem
1130 4177 1164 4231 K
1226 4179 1261 4232 18
1278 4180 1369 4232 utrum
1387 4178 1448 4247 iiiut¹

300 4264 390 4314 utrum
410 4263 464 4314 isto
481 4261 509 4316 R
563 4264 598 4318 20
616 4265 823 4334 temptationem
844 4264 877 4319 K
924 4267 956 4320 21
978 4265 1203 4335 interrogetorB
1256 4265 1345 4322 fidelis
1364 4270 1406 4322 eat
1421 4269 1450 4324 R

300 4350 334 4402 22
354 4351 490 4418 permittit
508 4351 707 4406 RGMENXd
724 4355 867 4423 permittet
885 4355 901 4409 b
974 4358 1107 4425 temptare
1126 4354 1252 4409 KMEX
